2016.02.04 07:00:00.271,1.72033,1.72043,2.20,1.00
2016.02.04 07:00:00.636,1.72034,1.72043,1.27,1.00
2016.02.04 07:00:01.144,1.72032,1.72042,1.57,1.00
2016.02.04 07:00:01.267,1.72031,1.72039,2.25,1.00
2016.02.04 07:00:01.369,1.7203,1.72039,1.27,1.00
2016.02.04 07:00:01.421,1.7203,1.72037,1.20,1.00
2016.02.04 07:00:01.736,1.72023,1.7203,1.00,1.00
2016.02.04 07:00:02.041,1.72024,1.7203,1.87,1.00
2016.02.04 07:00:02.347,1.72023,1.72029,2.25,1.00
2016.02.04 07:00:02.757,1.72017,1.72027,3.37,1.00
2016.02.04 07:00:02.961,1.72014,1.72024,2.70,1.00
2016.02.04 07:00:03.267,1.72012,1.72023,3.00,1.00
2016.02.04 07:00:03.318,1.72012,1.7202,1.85,1.00
2016.02.04 07:00:03.638,1.72005,1.72014,1.82,1.00
2016.02.04 07:00:03.740,1.72005,1.72014,1.45,1.00
2016.02.04 07:00:04.250,1.72004,1.72013,1.00,1.00
2016.02.04 07:00:04.797,1.72003,1.72013,1.00,1.00
2016.02.04 07:00:04.848,1.72002,1.72011,2.70,1.00
2016.02.04 07:00:05.355,1.72002,1.72011,1.50,1.00
2016.02.04 07:00:05.687,1.71999,1.72006,1.00,1.00
2016.02.04 07:00:05.841,1.71993,1.72005,1.45,1.00
2016.02.04 07:00:05.893,1.71992,1.72003,1.95,1.00
2016.02.04 07:00:05.947,1.7199,1.72001,2.32,1.00
2016.02.04 07:00:06.049,1.71988,1.72,3.75,1.00
2016.02.04 07:00:06.100,1.71988,1.72002,3.07,1.00
2016.02.04 07:00:06.305,1.71989,1.71999,1.10,1.00
2016.02.04 07:00:06.805,1.71989,1.71999,1.85,1.00
2016.02.04 07:00:07.109,1.71993,1.71999,1.20,1.00
2016.02.04 07:00:07.211,1.71993,1.72003,1.20,1.00
2016.02.04 07:00:07.736,1.71991,1.72003,2.25,1.00
2016.02.04 07:00:08.041,1.71992,1.71999,1.07,1.00
2016.02.04 07:00:08.143,1.71988,1.71999,1.00,1.00
2016.02.04 07:00:08.660,1.71989,1.71999,1.07,1.00
2016.02.04 07:00:08.864,1.71987,1.72002,2.02,1.00
2016.02.04 07:00:08.966,1.71993,1.72002,1.00,1.00
2016.02.04 07:00:09.598,1.7199,1.72002,1.45,1.00
2016.02.04 07:00:10.572,1.7199,1.72007,1.87,1.00
2016.02.04 07:00:10.733,1.71991,1.72007,2.02,1.00
2016.02.04 07:00:10.785,1.71992,1.7201,1.50,1.12
2016.02.04 07:00:10.836,1.71993,1.7201,1.87,1.00
2016.02.04 07:00:10.887,1.71995,1.72013,1.10,1.00
2016.02.04 07:00:10.938,1.71996,1.72013,1.82,1.00
2016.02.04 07:00:11.142,1.71998,1.72017,1.12,1.50
2016.02.04 07:00:11.507,1.72,1.72017,1.85,1.00
2016.02.04 07:00:11.785,1.72,1.72017,1.00,1.00
2016.02.04 07:00:12.143,1.72002,1.7202,1.00,1.50
2016.02.04 07:00:12.298,1.72002,1.72024,2.70,1.87
2016.02.04 07:00:12.452,1.72005,1.72024,1.00,1.50
2016.02.04 07:00:12.954,1.72005,1.72024,1.69,1.12
2016.02.04 07:00:13.056,1.72008,1.72026,1.12,1.00
2016.02.04 07:00:13.583,1.72008,1.72028,1.57,1.75
2016.02.04 07:00:14.391,1.7201,1.72028,1.00,1.75
2016.02.04 07:00:14.596,1.72011,1.72032,2.14,1.37
2016.02.04 07:00:15.144,1.72012,1.72032,1.95,1.00
2016.02.04 07:00:15.601,1.72012,1.72032,1.12,1.12
2016.02.04 07:00:16.239,1.72011,1.72032,1.47,1.31
2016.02.04 07:00:16.346,1.72011,1.72025,1.47,1.00
2016.02.04 07:00:16.855,1.7201,1.72025,2.70,1.00
2016.02.04 07:00:17.423,1.72012,1.72028,1.95,1.00
2016.02.04 07:00:17.953,1.72013,1.72028,1.07,1.00
2016.02.04 07:00:18.461,1.72013,1.72028,1.00,1.00
2016.02.04 07:00:19.005,1.72014,1.72029,1.00,1.00
2016.02.04 07:00:19.107,1.72019,1.72033,1.00,1.00
2016.02.04 07:00:19.259,1.72019,1.72036,1.37,1.00
2016.02.04 07:00:19.361,1.72021,1.72039,1.00,1.12
2016.02.04 07:00:19.413,1.72026,1.72039,1.00,1.12
2016.02.04 07:00:19.515,1.72026,1.72041,1.00,1.12
2016.02.04 07:00:19.669,1.72027,1.72043,1.37,1.00
2016.02.04 07:00:19.992,1.72028,1.72041,1.57,1.00
2016.02.04 07:00:20.043,1.72028,1.72048,1.57,1.94
2016.02.04 07:00:20.197,1.72028,1.7205,1.45,1.37
2016.02.04 07:00:21.579,1.72028,1.72052,1.82,1.12
2016.02.04 07:00:22.093,1.72028,1.7205,1.27,1.12
2016.02.04 07:00:22.464,1.72027,1.7205,1.12,2.77
2016.02.04 07:00:23.179,1.72028,1.72047,1.12,1.12
2016.02.04 07:00:23.786,1.72034,1.72051,1.00,1.12
2016.02.04 07:00:23.888,1.72034,1.72053,1.12,1.50
2016.02.04 07:00:23.990,1.72036,1.72053,1.00,1.50
2016.02.04 07:00:24.724,1.72036,1.72055,1.37,1.87
2016.02.04 07:00:24.775,1.72035,1.72055,1.57,1.12
2016.02.04 07:00:24.826,1.72035,1.72055,1.27,1.50
2016.02.04 07:00:24.979,1.72035,1.72057,1.57,1.75
2016.02.04 07:00:25.594,1.72035,1.72057,1.27,1.87
2016.02.04 07:00:25.910,1.7203,1.72047,2.62,1.00
2016.02.04 07:00:26.419,1.7203,1.72046,1.37,1.20
2016.02.04 07:00:26.995,1.72031,1.72045,1.37,1.12
2016.02.04 07:00:27.503,1.7203,1.72046,1.37,1.01
2016.02.04 07:00:28.112,1.72028,1.72046,1.87,1.57
2016.02.04 07:00:28.418,1.7203,1.72046,1.37,1.20
2016.02.04 07:00:29.307,1.72029,1.72045,1.37,1.87
2016.02.04 07:00:29.409,1.72028,1.72039,1.00,1.37
2016.02.04 07:00:29.460,1.72028,1.72039,1.00,1.85
2016.02.04 07:00:29.511,1.72018,1.72036,1.37,1.12
2016.02.04 07:00:29.803,1.72016,1.72036,1.87,1.64
2016.02.04 07:00:29.904,1.72016,1.72036,1.00,2.14
2016.02.04 07:00:30.108,1.72014,1.72036,1.00,1.95
2016.02.04 07:00:30.868,1.72014,1.72031,1.00,1.00
2016.02.04 07:00:31.022,1.72002,1.72025,1.20,1.20
2016.02.04 07:00:31.074,1.72001,1.72021,1.20,1.00
2016.02.04 07:00:31.228,1.71997,1.7202,2.20,2.25
2016.02.04 07:00:31.737,1.71998,1.72019,1.37,1.50
2016.02.04 07:00:32.057,1.71997,1.72014,1.87,1.00
2016.02.04 07:00:32.159,1.72,1.72018,1.00,1.87
2016.02.04 07:00:32.262,1.72,1.72018,1.50,1.87
2016.02.04 07:00:32.313,1.72002,1.7202,2.32,1.50
2016.02.04 07:00:32.415,1.72004,1.72022,2.32,1.37
2016.02.04 07:00:32.619,1.72005,1.72023,1.95,1.00
2016.02.04 07:00:33.141,1.72006,1.72024,1.50,1.00
2016.02.04 07:00:34.163,1.72005,1.72024,2.32,1.00
2016.02.04 07:00:34.678,1.72005,1.72023,1.82,1.00
2016.02.04 07:00:35.034,1.72006,1.72022,1.00,1.00
2016.02.04 07:00:35.137,1.72005,1.72018,1.37,1.00
2016.02.04 07:00:35.341,1.71998,1.72014,1.87,1.00
2016.02.04 07:00:35.511,1.71997,1.72013,1.50,1.00
2016.02.04 07:00:36.018,1.71996,1.72013,1.07,1.00
2016.02.04 07:00:36.745,1.71993,1.7201,1.87,1.00
2016.02.04 07:00:36.949,1.71992,1.7201,1.20,1.00
2016.02.04 07:00:37.000,1.71992,1.72012,3.07,1.37
2016.02.04 07:00:37.511,1.71993,1.72012,1.87,1.50
2016.02.04 07:00:37.876,1.71993,1.7201,1.50,1.00
2016.02.04 07:00:37.928,1.71992,1.72009,1.57,1.00
2016.02.04 07:00:38.233,1.7199,1.72012,3.07,1.37
2016.02.04 07:00:38.284,1.7199,1.72009,3.82,1.00
2016.02.04 07:00:38.538,1.71989,1.72005,1.50,1.00
2016.02.04 07:00:38.691,1.71987,1.72003,1.82,1.00
2016.02.04 07:00:38.844,1.71987,1.72003,1.00,1.00
2016.02.04 07:00:39.414,1.71985,1.72005,1.37,1.00
2016.02.04 07:00:39.922,1.71985,1.72002,1.12,1.00
2016.02.04 07:00:40.024,1.71983,1.72002,1.75,1.00
2016.02.04 07:00:40.393,1.71982,1.72,1.57,1.00
2016.02.04 07:00:40.699,1.71976,1.71992,3.75,1.00
2016.02.04 07:00:40.750,1.71976,1.71991,1.00,1.00
2016.02.04 07:00:40.801,1.71973,1.71989,1.57,1.00
2016.02.04 07:00:40.954,1.7197,1.71987,1.50,1.00
2016.02.04 07:00:41.005,1.71969,1.71984,1.37,1.00
2016.02.04 07:00:41.338,1.71965,1.7198,2.25,1.00
2016.02.04 07:00:41.442,1.71963,1.71979,2.62,1.00
2016.02.04 07:00:41.546,1.71961,1.71979,2.25,1.00
2016.02.04 07:00:41.751,1.7196,1.71978,1.20,1.00
2016.02.04 07:00:41.853,1.71961,1.71978,1.37,1.00
2016.02.04 07:00:42.063,1.7196,1.71978,1.00,1.25
2016.02.04 07:00:42.115,1.71962,1.71981,1.00,1.69
2016.02.04 07:00:42.428,1.71965,1.71981,1.00,1.00
2016.02.04 07:00:42.835,1.71965,1.71983,1.00,1.31
2016.02.04 07:00:43.039,1.71965,1.71982,1.00,1.44
2016.02.04 07:00:43.245,1.71953,1.71973,1.12,1.44
2016.02.04 07:00:43.360,1.71953,1.71973,1.00,1.25
2016.02.04 07:00:43.615,1.71955,1.71975,1.00,2.62
2016.02.04 07:00:44.329,1.71958,1.71975,1.00,1.60
2016.02.04 07:00:44.547,1.71965,1.71984,1.00,1.87
2016.02.04 07:00:44.598,1.71963,1.71984,1.20,1.12
2016.02.04 07:00:44.649,1.71966,1.71985,1.00,1.37
2016.02.04 07:00:44.700,1.71964,1.71985,2.32,1.37
2016.02.04 07:00:44.752,1.71964,1.71986,3.82,1.00
2016.02.04 07:00:44.855,1.71965,1.71986,1.95,1.00
2016.02.04 07:00:45.312,1.71967,1.71988,1.47,1.12
2016.02.04 07:00:45.687,1.71967,1.71985,1.37,1.00
2016.02.04 07:00:45.790,1.71967,1.71989,1.87,2.21
2016.02.04 07:00:46.044,1.71969,1.7199,1.00,2.06
2016.02.04 07:00:46.553,1.71969,1.7199,1.00,1.31
2016.02.04 07:00:46.979,1.71971,1.71991,1.00,1.87
2016.02.04 07:00:47.183,1.71969,1.7199,1.65,1.00
2016.02.04 07:00:47.437,1.71968,1.71988,1.82,1.00
2016.02.04 07:00:47.775,1.71977,1.71992,1.12,1.75
2016.02.04 07:00:47.827,1.71978,1.71997,1.27,1.37
2016.02.04 07:00:47.879,1.71978,1.71999,3.82,1.50
2016.02.04 07:00:47.931,1.71981,1.72,1.57,1.00
2016.02.04 07:00:48.084,1.71981,1.72002,2.70,2.25
2016.02.04 07:00:48.188,1.71981,1.72001,1.85,1.00
2016.02.04 07:00:48.239,1.71982,1.72001,1.50,1.00
2016.02.04 07:00:48.544,1.7198,1.71999,1.95,1.00
2016.02.04 07:00:48.799,1.71984,1.72002,1.00,1.69
2016.02.04 07:00:49.363,1.71982,1.72003,2.32,1.50
2016.02.04 07:00:49.899,1.71983,1.72003,1.50,1.87
2016.02.04 07:00:50.315,1.71988,1.72006,1.00,1.12
2016.02.04 07:00:50.570,1.71999,1.72016,1.00,1.12
2016.02.04 07:00:50.672,1.71999,1.72019,1.57,1.50
2016.02.04 07:00:50.774,1.72007,1.7202,1.00,1.00
2016.02.04 07:00:50.877,1.72001,1.72021,1.12,1.50
2016.02.04 07:00:51.131,1.72001,1.72021,1.12,1.00
2016.02.04 07:00:51.545,1.72002,1.7202,1.00,1.00
2016.02.04 07:00:51.646,1.71999,1.7202,1.95,1.00
2016.02.04 07:00:51.951,1.71998,1.7202,1.87,2.62
2016.02.04 07:00:52.526,1.71998,1.72017,1.12,1.00
2016.02.04 07:00:52.679,1.71998,1.7202,1.12,1.87
2016.02.04 07:00:52.933,1.72004,1.72022,1.50,1.87
2016.02.04 07:00:52.985,1.72006,1.72025,1.50,1.50
2016.02.04 07:00:53.037,1.72006,1.72025,2.25,1.50
2016.02.04 07:00:53.343,1.72003,1.72023,1.95,1.00
2016.02.04 07:00:53.445,1.72004,1.72023,1.00,1.00
2016.02.04 07:00:53.496,1.72004,1.72021,1.00,1.00
2016.02.04 07:00:53.828,1.71993,1.72006,2.25,1.00
2016.02.04 07:00:53.880,1.71997,1.72006,1.00,1.00
2016.02.04 07:00:53.982,1.7199,1.72006,1.75,1.00
2016.02.04 07:00:54.187,1.71988,1.72004,2.32,1.00
2016.02.04 07:00:54.289,1.71988,1.72007,1.75,1.00
2016.02.04 07:00:54.341,1.71986,1.72007,1.95,1.00
2016.02.04 07:00:54.392,1.71986,1.72005,1.95,1.00
2016.02.04 07:00:55.182,1.71985,1.72007,2.40,1.00
2016.02.04 07:00:55.284,1.71985,1.72004,2.02,1.00
2016.02.04 07:00:55.590,1.71985,1.72006,4.57,1.00
2016.02.04 07:00:56.139,1.71988,1.72007,1.82,1.00
2016.02.04 07:00:57.496,1.71986,1.72005,2.32,1.00
2016.02.04 07:00:57.829,1.71984,1.72003,2.25,1.00
2016.02.04 07:00:58.085,1.71991,1.72005,1.00,1.20
2016.02.04 07:00:58.187,1.71989,1.72003,1.00,1.00
2016.02.04 07:00:58.493,1.71981,1.72,1.50,1.00
2016.02.04 07:00:58.653,1.71981,1.71998,1.00,1.00
2016.02.04 07:00:59.167,1.71975,1.71997,3.00,1.00
2016.02.04 07:00:59.433,1.71975,1.71994,2.25,1.00
2016.02.04 07:00:59.688,1.71974,1.71991,1.00,1.00
2016.02.04 07:00:59.891,1.71974,1.71993,1.00,1.12
2016.02.04 07:01:00.115,1.71974,1.71991,1.00,1.00
2016.02.04 07:01:00.420,1.71967,1.71985,1.87,1.00
2016.02.04 07:01:00.472,1.71965,1.71984,1.20,1.50
2016.02.04 07:01:00.523,1.71965,1.71982,1.12,1.00
2016.02.04 07:01:00.777,1.71955,1.71973,1.27,1.00
2016.02.04 07:01:00.981,1.71954,1.71973,1.87,1.00
2016.02.04 07:01:01.057,1.71954,1.71973,1.87,1.00
2016.02.04 07:01:01.363,1.71954,1.71973,1.87,1.00
2016.02.04 07:01:01.820,1.71954,1.7197,1.12,1.00
2016.02.04 07:01:02.201,1.71955,1.71972,1.00,1.00
2016.02.04 07:01:02.304,1.71961,1.71976,1.00,1.47
2016.02.04 07:01:02.406,1.71961,1.71977,1.00,1.10
2016.02.04 07:01:02.914,1.7196,1.71978,1.20,1.00
2016.02.04 07:01:02.965,1.71963,1.7198,1.00,1.37
2016.02.04 07:01:03.297,1.71966,1.7198,1.00,1.37
2016.02.04 07:01:03.350,1.71966,1.71983,1.00,1.12
2016.02.04 07:01:03.605,1.71966,1.71986,1.75,2.62
2016.02.04 07:01:03.708,1.71966,1.71986,1.12,1.95
2016.02.04 07:01:03.810,1.71966,1.71982,1.12,1.00
2016.02.04 07:01:04.331,1.71966,1.71983,1.00,1.00
2016.02.04 07:01:04.637,1.71969,1.71983,1.00,1.00
2016.02.04 07:01:04.688,1.71969,1.71986,1.00,1.57
2016.02.04 07:01:05.196,1.71969,1.71989,1.00,1.20
2016.02.04 07:01:06.069,1.71967,1.71987,1.10,1.37
2016.02.04 07:01:07.078,1.71967,1.71984,1.00,1.00
2016.02.04 07:01:07.384,1.71963,1.7198,1.00,1.37
2016.02.04 07:01:07.690,1.7196,1.71975,1.87,1.00
2016.02.04 07:01:07.879,1.71956,1.71974,1.10,1.00
2016.02.04 07:01:07.982,1.71956,1.71972,1.10,1.00
2016.02.04 07:01:08.290,1.71954,1.71975,2.25,2.73
2016.02.04 07:01:08.798,1.71958,1.71975,1.00,1.87
2016.02.04 07:01:09.024,1.71958,1.71976,1.00,1.50
2016.02.04 07:01:09.430,1.71961,1.71977,1.00,1.12
2016.02.04 07:01:09.533,1.71961,1.7198,1.00,2.02
2016.02.04 07:01:09.584,1.71963,1.71981,1.00,1.87
2016.02.04 07:01:09.686,1.71963,1.71982,1.00,1.87
2016.02.04 07:01:09.992,1.71963,1.71985,1.69,2.25
2016.02.04 07:01:10.305,1.71965,1.71986,1.37,3.00
2016.02.04 07:01:10.816,1.71966,1.71985,1.00,1.87
2016.02.04 07:01:11.591,1.71964,1.71983,1.12,1.00
2016.02.04 07:01:11.796,1.71963,1.71982,1.00,1.37
2016.02.04 07:01:12.288,1.7196,1.71981,1.95,1.12
2016.02.04 07:01:13.704,1.7196,1.7198,2.32,1.37
2016.02.04 07:01:14.042,1.7196,1.7198,1.00,3.45
2016.02.04 07:01:14.298,1.7196,1.7198,1.00,2.70
2016.02.04 07:01:14.504,1.71961,1.7198,1.00,2.70
2016.02.04 07:01:14.809,1.71961,1.71978,1.00,1.00
2016.02.04 07:01:15.335,1.71961,1.71979,1.00,1.50
2016.02.04 07:01:16.651,1.71963,1.71979,1.00,1.12
2016.02.04 07:01:17.712,1.71963,1.71975,1.00,1.00
2016.02.04 07:01:17.815,1.71963,1.71978,1.00,1.00
2016.02.04 07:01:17.917,1.71964,1.7198,1.00,1.00
2016.02.04 07:01:18.020,1.71966,1.71984,1.00,1.37
2016.02.04 07:01:18.427,1.71969,1.71986,1.00,1.75
2016.02.04 07:01:18.733,1.71975,1.71989,1.00,1.50
2016.02.04 07:01:18.898,1.71975,1.71992,1.00,2.25
2016.02.04 07:01:19.508,1.71971,1.71986,1.29,1.00
2016.02.04 07:01:19.610,1.71967,1.71984,1.71,1.00
2016.02.04 07:01:19.661,1.71967,1.7198,1.50,1.00
2016.02.04 07:01:19.978,1.71966,1.71978,1.00,1.37
2016.02.04 07:01:20.132,1.71965,1.71982,1.00,1.75
2016.02.04 07:01:20.437,1.71963,1.71982,1.10,2.25
2016.02.04 07:01:20.539,1.71963,1.71976,1.00,1.00
2016.02.04 07:01:20.845,1.71961,1.71976,1.00,1.12
2016.02.04 07:01:21.469,1.71958,1.71976,1.00,1.81
2016.02.04 07:01:22.412,1.71959,1.71977,1.00,2.14
2016.02.04 07:01:22.568,1.71959,1.71977,1.00,2.14
2016.02.04 07:01:22.722,1.71959,1.71977,1.00,2.00
2016.02.04 07:01:22.773,1.71957,1.71977,1.00,2.00
2016.02.04 07:01:22.825,1.71957,1.71977,1.12,1.25
2016.02.04 07:01:23.343,1.71955,1.71975,1.20,1.00
2016.02.04 07:01:23.844,1.71955,1.71976,1.95,1.00
2016.02.04 07:01:24.362,1.71955,1.71975,1.57,1.44
2016.02.04 07:01:24.668,1.7195,1.7197,1.85,1.50
2016.02.04 07:01:24.770,1.71949,1.7197,1.82,3.75
2016.02.04 07:01:25.315,1.71949,1.71969,1.82,1.44
2016.02.04 07:01:26.025,1.71949,1.71968,1.57,1.50
2016.02.04 07:01:26.229,1.71948,1.71967,1.95,1.00
2016.02.04 07:01:26.742,1.71945,1.71966,2.14,1.00
2016.02.04 07:01:26.895,1.71944,1.71964,2.32,1.00
2016.02.04 07:01:27.251,1.71952,1.71967,1.00,1.12
2016.02.04 07:01:27.405,1.71952,1.71971,1.12,1.37
2016.02.04 07:01:27.522,1.71952,1.71974,1.12,3.82
2016.02.04 07:01:27.573,1.71952,1.71974,1.75,3.82
2016.02.04 07:01:27.878,1.71946,1.71967,2.25,1.31
2016.02.04 07:01:27.929,1.71946,1.71965,2.25,1.00
2016.02.04 07:01:28.031,1.71946,1.71965,1.50,1.12
2016.02.04 07:01:28.235,1.71946,1.71965,1.12,1.37
2016.02.04 07:01:28.336,1.71946,1.71967,1.12,2.40
2016.02.04 07:01:28.447,1.71949,1.71967,1.00,2.25
2016.02.04 07:01:28.550,1.71949,1.71967,1.00,1.00
2016.02.04 07:01:29.362,1.71949,1.71968,1.00,2.51
2016.02.04 07:01:29.953,1.71949,1.71968,1.00,1.50
2016.02.04 07:01:30.461,1.71948,1.71965,1.12,1.00
2016.02.04 07:01:30.802,1.71946,1.71962,1.00,1.00
2016.02.04 07:01:31.411,1.71944,1.71961,1.00,1.19
2016.02.04 07:01:31.682,1.71942,1.71959,1.00,1.12
2016.02.04 07:01:31.734,1.71942,1.71956,1.00,1.00
2016.02.04 07:01:31.887,1.7194,1.71956,1.00,1.00
2016.02.04 07:01:32.039,1.71937,1.71956,1.12,1.25
2016.02.04 07:01:32.141,1.71937,1.71954,1.12,1.00
2016.02.04 07:01:32.396,1.71935,1.71955,1.00,1.25
2016.02.04 07:01:32.447,1.71932,1.71953,2.25,2.32
2016.02.04 07:01:32.498,1.71932,1.71953,2.25,2.70
2016.02.04 07:01:32.751,1.71931,1.71951,1.12,1.76
2016.02.04 07:01:33.107,1.71931,1.7195,1.00,1.57
2016.02.04 07:01:33.411,1.71931,1.71949,1.00,1.95
2016.02.04 07:01:33.666,1.71933,1.7195,1.00,1.00
2016.02.04 07:01:33.768,1.71932,1.7195,1.00,2.62
2016.02.04 07:01:35.187,1.71932,1.7195,1.00,2.62
2016.02.04 07:01:35.289,1.71929,1.71947,1.50,1.00
2016.02.04 07:01:35.341,1.71929,1.7194,1.00,1.00
2016.02.04 07:01:35.392,1.71926,1.7194,1.50,1.00
2016.02.04 07:01:35.495,1.71926,1.7194,1.00,1.50
2016.02.04 07:01:35.597,1.71918,1.71938,1.12,1.95
2016.02.04 07:01:35.699,1.71915,1.71937,2.32,1.50
2016.02.04 07:01:35.860,1.71916,1.71937,1.00,1.50
2016.02.04 07:01:36.343,1.71917,1.71938,1.00,2.25
2016.02.04 07:01:36.868,1.71921,1.71938,1.00,1.44
2016.02.04 07:01:37.174,1.7192,1.71941,1.00,2.70
2016.02.04 07:01:37.725,1.71918,1.71939,1.45,1.00
2016.02.04 07:01:38.983,1.71918,1.71939,1.20,1.50
2016.02.04 07:01:39.238,1.71918,1.71938,1.12,1.47
2016.02.04 07:01:39.289,1.71915,1.71937,1.12,1.50
2016.02.04 07:01:39.392,1.71916,1.71938,1.57,2.19
2016.02.04 07:01:39.698,1.71922,1.71943,1.50,1.47
2016.02.04 07:01:39.830,1.71924,1.71943,1.12,1.12
2016.02.04 07:01:40.855,1.71925,1.71946,1.10,1.12
2016.02.04 07:01:41.169,1.71929,1.7195,1.12,1.75
2016.02.04 07:01:41.220,1.71929,1.71949,1.12,1.00
2016.02.04 07:01:42.713,1.7193,1.71949,1.31,1.00
2016.02.04 07:01:45.413,1.71931,1.71949,2.06,1.00
2016.02.04 07:01:45.921,1.71933,1.71949,1.50,1.00
2016.02.04 07:01:46.719,1.71933,1.71952,1.50,1.50
2016.02.04 07:01:48.434,1.71941,1.71952,1.00,1.00
2016.02.04 07:01:48.536,1.7194,1.71958,1.00,1.20
2016.02.04 07:01:48.627,1.7194,1.71958,2.62,1.10
2016.02.04 07:01:48.730,1.71943,1.71962,1.76,1.00
2016.02.04 07:01:48.884,1.71944,1.71962,1.50,1.00
2016.02.04 07:01:49.392,1.71945,1.71964,1.07,1.50
2016.02.04 07:01:50.185,1.71946,1.71965,1.20,1.12
2016.02.04 07:01:50.703,1.71944,1.71964,3.94,1.00
2016.02.04 07:01:51.554,1.71946,1.71965,1.95,1.12
2016.02.04 07:01:51.859,1.71947,1.7196,2.62,1.00
2016.02.04 07:01:51.961,1.71945,1.71957,1.00,1.00
2016.02.04 07:01:52.012,1.7194,1.71957,1.50,1.00
2016.02.04 07:01:52.430,1.71937,1.71954,2.62,1.00
2016.02.04 07:01:52.736,1.71937,1.71952,1.12,1.00
2016.02.04 07:01:52.990,1.71937,1.71955,1.12,1.12
2016.02.04 07:01:53.497,1.71937,1.71956,1.57,1.50
2016.02.04 07:01:53.991,1.71938,1.71956,1.85,1.12
2016.02.04 07:01:54.516,1.71939,1.71957,1.50,1.00
2016.02.04 07:01:54.823,1.71945,1.71962,1.39,1.50
2016.02.04 07:01:55.139,1.71945,1.71964,1.87,1.37
2016.02.04 07:01:55.444,1.71943,1.71959,1.69,1.00
2016.02.04 07:01:56.006,1.71943,1.71959,1.00,1.00
2016.02.04 07:01:56.375,1.71942,1.71957,1.10,1.00
2016.02.04 07:01:56.883,1.71939,1.71957,2.25,1.50
2016.02.04 07:01:56.986,1.71937,1.71957,2.81,1.50
2016.02.04 07:01:58.297,1.71939,1.71957,1.12,1.00
2016.02.04 07:01:58.615,1.71942,1.71958,1.47,1.50
2016.02.04 07:01:59.073,1.7194,1.71957,1.87,1.12
2016.02.04 07:01:59.582,1.71941,1.71959,1.69,1.75
2016.02.04 07:01:59.634,1.71943,1.71959,1.12,1.75
2016.02.04 07:01:59.799,1.71943,1.71959,1.50,1.00
2016.02.04 07:02:00.769,1.71944,1.71962,1.57,1.00
2016.02.04 07:02:01.077,1.71948,1.71963,1.12,1.00
2016.02.04 07:02:01.129,1.71948,1.71965,1.75,1.50
2016.02.04 07:02:01.282,1.71951,1.71965,1.45,1.12
2016.02.04 07:02:01.333,1.71951,1.71967,1.45,1.50
2016.02.04 07:02:01.385,1.71953,1.71967,1.12,1.00
2016.02.04 07:02:01.639,1.71951,1.71967,1.95,1.00
2016.02.04 07:02:02.010,1.71953,1.71969,1.12,1.37
2016.02.04 07:02:02.518,1.71954,1.71969,1.12,1.37
2016.02.04 07:02:03.123,1.71954,1.71969,1.12,1.00
2016.02.04 07:02:04.455,1.71954,1.7197,1.12,1.00
2016.02.04 07:02:04.964,1.71955,1.7197,1.57,1.00
2016.02.04 07:02:05.491,1.71957,1.7197,1.50,1.00
2016.02.04 07:02:05.847,1.71957,1.71972,1.12,1.00
2016.02.04 07:02:06.305,1.71962,1.71978,1.12,3.00
2016.02.04 07:02:06.357,1.71962,1.71978,1.50,1.87
2016.02.04 07:02:06.409,1.71962,1.7198,2.06,1.50
2016.02.04 07:02:06.511,1.71965,1.71981,1.95,1.00
2016.02.04 07:02:06.776,1.71966,1.71983,1.50,1.12
2016.02.04 07:02:07.341,1.71965,1.71983,2.32,1.12
2016.02.04 07:02:07.544,1.7197,1.71985,1.12,1.50
2016.02.04 07:02:08.067,1.7197,1.71985,2.25,1.12
2016.02.04 07:02:08.729,1.7197,1.71983,2.25,1.00
2016.02.04 07:02:09.236,1.7197,1.71984,1.50,1.00
2016.02.04 07:02:09.860,1.7197,1.71983,1.50,1.00
2016.02.04 07:02:09.964,1.71968,1.71983,2.25,1.12
2016.02.04 07:02:10.068,1.71966,1.71983,2.25,1.50
2016.02.04 07:02:10.589,1.71966,1.71981,1.87,1.00
2016.02.04 07:02:10.640,1.71965,1.71979,1.07,1.00
2016.02.04 07:02:10.946,1.71956,1.71971,1.87,1.00
2016.02.04 07:02:11.454,1.71957,1.71972,1.07,1.00
2016.02.04 07:02:12.227,1.71956,1.71971,1.50,1.00
2016.02.04 07:02:12.532,1.71951,1.71966,1.87,1.00
2016.02.04 07:02:12.685,1.71952,1.71969,1.50,1.00
2016.02.04 07:02:12.828,1.71955,1.71969,1.12,1.00
2016.02.04 07:02:12.880,1.71956,1.71972,1.07,2.25
2016.02.04 07:02:12.931,1.71956,1.71969,1.50,1.00
2016.02.04 07:02:13.084,1.71956,1.71971,1.12,1.00
2016.02.04 07:02:13.595,1.71955,1.71971,1.50,1.00
2016.02.04 07:02:14.575,1.71955,1.71969,1.50,1.00
2016.02.04 07:02:14.728,1.71956,1.71972,1.07,1.25
2016.02.04 07:02:14.949,1.71956,1.71974,1.07,1.00
2016.02.04 07:02:15.051,1.71957,1.71973,1.12,1.00
2016.02.04 07:02:15.701,1.71957,1.71975,1.12,1.00
2016.02.04 07:02:16.413,1.71957,1.71976,1.87,1.00
2016.02.04 07:02:16.612,1.7196,1.71979,1.50,1.50
2016.02.04 07:02:16.716,1.71963,1.71982,2.62,1.12
2016.02.04 07:02:16.869,1.71964,1.71982,1.50,1.50
2016.02.04 07:02:17.031,1.71965,1.71984,2.25,1.87
2016.02.04 07:02:17.560,1.71965,1.71983,2.25,1.00
2016.02.04 07:02:18.110,1.71965,1.71984,2.25,2.06
2016.02.04 07:02:18.263,1.71965,1.7198,2.25,1.00
2016.02.04 07:02:18.467,1.71959,1.71976,1.12,1.00
2016.02.04 07:02:18.569,1.71956,1.71975,1.95,1.00
2016.02.04 07:02:19.082,1.71957,1.71976,1.87,1.10
2016.02.04 07:02:19.286,1.7196,1.71979,1.12,1.85
2016.02.04 07:02:19.337,1.7196,1.71979,1.50,1.50
2016.02.04 07:02:21.000,1.71961,1.71976,1.20,1.00
2016.02.04 07:02:21.305,1.71957,1.7197,1.12,1.00
2016.02.04 07:02:21.407,1.71955,1.71971,1.00,1.00
2016.02.04 07:02:21.618,1.7195,1.7197,1.12,1.87
2016.02.04 07:02:21.669,1.71949,1.7197,2.70,1.87
2016.02.04 07:02:21.771,1.71949,1.71968,1.50,1.27
2016.02.04 07:02:22.279,1.71948,1.71967,1.10,1.57
2016.02.04 07:02:22.789,1.71948,1.71966,1.20,1.00
2016.02.04 07:02:22.840,1.71948,1.71963,1.20,1.00
2016.02.04 07:02:24.656,1.71947,1.71965,1.50,1.00
2016.02.04 07:02:24.707,1.71949,1.71966,1.12,1.12
2016.02.04 07:02:25.215,1.71951,1.71971,1.57,2.25
2016.02.04 07:02:25.520,1.71953,1.71971,1.20,1.75
2016.02.04 07:02:25.838,1.71959,1.71979,1.57,1.87
2016.02.04 07:02:25.889,1.7196,1.71977,1.95,1.00
2016.02.04 07:02:26.347,1.71961,1.71981,1.12,1.75
2016.02.04 07:02:26.826,1.7196,1.7198,1.57,1.85
2016.02.04 07:02:26.940,1.7196,1.71977,1.10,1.00
2016.02.04 07:02:27.448,1.71959,1.71976,1.50,1.00
2016.02.04 07:02:28.504,1.71959,1.71976,1.20,1.00
2016.02.04 07:02:29.012,1.71959,1.71978,1.20,2.06
2016.02.04 07:02:29.115,1.71958,1.71975,1.50,1.00
2016.02.04 07:02:29.632,1.71959,1.71975,1.50,1.12
2016.02.04 07:02:30.146,1.71959,1.71974,1.07,1.00
2016.02.04 07:02:30.450,1.71952,1.71971,3.00,1.00
2016.02.04 07:02:30.603,1.71952,1.71968,1.87,1.00
2016.02.04 07:02:30.757,1.71948,1.71965,1.27,1.50
2016.02.04 07:02:30.860,1.71948,1.71965,1.95,1.50
2016.02.04 07:02:31.368,1.7195,1.71969,1.10,3.00
2016.02.04 07:02:31.910,1.7195,1.71968,1.10,1.01
2016.02.04 07:02:32.114,1.71948,1.71967,2.40,1.69
2016.02.04 07:02:32.621,1.71948,1.71967,1.65,1.87
2016.02.04 07:02:33.129,1.71948,1.71966,1.00,1.10
2016.02.04 07:02:33.655,1.71948,1.71966,1.10,1.37
2016.02.04 07:02:34.164,1.71947,1.71964,1.50,1.00
2016.02.04 07:02:34.666,1.71948,1.71965,1.10,1.00
2016.02.04 07:02:35.073,1.7195,1.71967,1.12,1.50
2016.02.04 07:02:35.226,1.71954,1.71973,1.00,3.00
2016.02.04 07:02:35.430,1.71954,1.71973,3.00,1.10
2016.02.04 07:02:35.582,1.71956,1.71975,1.87,1.27
2016.02.04 07:02:38.885,1.71956,1.71975,2.70,1.50
2016.02.04 07:02:39.406,1.71958,1.71977,2.02,2.25
2016.02.04 07:02:39.722,1.7196,1.71979,2.70,1.57
2016.02.04 07:02:40.229,1.7196,1.71978,1.00,1.00
2016.02.04 07:02:41.009,1.71958,1.71978,1.87,3.37
2016.02.04 07:02:41.314,1.71956,1.71975,1.37,1.57
2016.02.04 07:02:41.838,1.71956,1.71973,1.00,1.07
2016.02.04 07:02:42.143,1.71959,1.71974,1.50,1.57
2016.02.04 07:02:42.295,1.71959,1.71977,1.00,1.50
2016.02.04 07:02:42.803,1.7196,1.71977,3.07,1.00
2016.02.04 07:02:43.330,1.71959,1.71978,2.70,1.10
2016.02.04 07:02:46.618,1.71957,1.71976,2.25,1.50
2016.02.04 07:02:46.961,1.71957,1.71976,1.85,1.95
2016.02.04 07:02:47.114,1.71956,1.71974,1.12,1.00
2016.02.04 07:02:47.622,1.71957,1.71974,1.00,1.10
2016.02.04 07:02:47.826,1.71955,1.71973,1.00,1.07
2016.02.04 07:02:49.922,1.71955,1.71974,1.95,1.57
2016.02.04 07:02:51.783,1.71955,1.71973,1.07,1.00
2016.02.04 07:02:51.986,1.71952,1.71972,3.07,1.10
2016.02.04 07:02:52.945,1.71955,1.71972,1.00,1.10
2016.02.04 07:02:53.301,1.71955,1.71974,2.70,1.20
2016.02.04 07:02:57.262,1.71958,1.71974,1.12,1.47
2016.02.04 07:02:57.415,1.7196,1.71976,1.00,1.20
2016.02.04 07:03:00.785,1.71959,1.71976,1.10,1.50
2016.02.04 07:03:00.836,1.71959,1.71976,1.10,1.80
2016.02.04 07:03:01.575,1.7196,1.71974,1.00,1.00
2016.02.04 07:03:01.728,1.7196,1.71977,1.00,1.20
2016.02.04 07:03:02.083,1.71962,1.7198,1.00,2.25
2016.02.04 07:03:02.376,1.71965,1.71982,1.57,1.12
2016.02.04 07:03:02.428,1.71967,1.71985,1.10,1.31
2016.02.04 07:03:02.684,1.71969,1.71986,1.50,1.47
2016.02.04 07:03:02.837,1.71971,1.71988,1.00,1.75
2016.02.04 07:03:03.146,1.71981,1.71995,1.87,1.75
2016.02.04 07:03:03.205,1.71982,1.71996,1.37,1.12
2016.02.04 07:03:03.346,1.71982,1.71998,2.00,1.12
2016.02.04 07:03:03.601,1.71982,1.72001,1.87,1.87
2016.02.04 07:03:03.857,1.71984,1.72003,1.20,1.50
2016.02.04 07:03:03.960,1.71984,1.72004,1.85,2.32
2016.02.04 07:03:04.539,1.71986,1.72005,1.75,2.40
2016.02.04 07:03:04.590,1.71988,1.72005,1.50,1.09
2016.02.04 07:03:05.099,1.71985,1.72003,1.85,1.00
2016.02.04 07:03:05.151,1.71984,1.72003,2.62,1.00
2016.02.04 07:03:05.679,1.71984,1.72002,1.12,1.00
2016.02.04 07:03:06.238,1.71983,1.72001,1.10,1.00
2016.02.04 07:03:06.340,1.71981,1.71999,1.95,1.00
2016.02.04 07:03:06.443,1.71979,1.71998,2.25,1.00
2016.02.04 07:03:06.544,1.71979,1.71995,1.10,1.00
2016.02.04 07:03:06.707,1.71978,1.71998,1.50,3.37
2016.02.04 07:03:07.215,1.71978,1.71998,1.20,2.02
2016.02.04 07:03:08.552,1.71977,1.71995,1.50,1.00
2016.02.04 07:03:08.705,1.71976,1.71995,1.20,1.20
2016.02.04 07:03:08.857,1.71979,1.71996,1.00,1.50
2016.02.04 07:03:09.470,1.7198,1.71996,1.00,1.47
2016.02.04 07:03:09.775,1.71987,1.72001,1.00,2.70
2016.02.04 07:03:10.523,1.71987,1.72003,1.00,1.87
2016.02.04 07:03:11.512,1.71989,1.72003,1.00,1.87
2016.02.04 07:03:11.668,1.71989,1.72005,1.00,1.47
2016.02.04 07:03:11.719,1.71991,1.72007,1.00,1.50
2016.02.04 07:03:12.001,1.71991,1.72008,1.00,1.57
2016.02.04 07:03:13.437,1.71988,1.72008,1.00,1.20
2016.02.04 07:03:14.625,1.71988,1.72007,1.00,1.95
2016.02.04 07:03:15.134,1.71987,1.72004,1.00,1.07
2016.02.04 07:03:15.642,1.71986,1.72,1.00,1.20
2016.02.04 07:03:15.826,1.71984,1.72001,1.00,1.45
2016.02.04 07:03:15.929,1.71981,1.71999,1.37,1.00
2016.02.04 07:03:16.590,1.71979,1.71999,2.25,1.50
2016.02.04 07:03:17.109,1.71979,1.71999,1.95,2.25
2016.02.04 07:03:19.012,1.71979,1.71995,1.20,1.00
2016.02.04 07:03:19.166,1.71976,1.71995,1.95,1.95
2016.02.04 07:03:19.319,1.71975,1.71995,1.07,3.07
2016.02.04 07:03:20.159,1.71974,1.71994,1.57,1.57
2016.02.04 07:03:20.260,1.71976,1.71994,1.20,1.12
2016.02.04 07:03:20.768,1.71975,1.71995,2.25,1.20
2016.02.04 07:03:21.753,1.71974,1.71995,2.25,1.95
2016.02.04 07:03:21.805,1.71974,1.71995,1.57,1.95
2016.02.04 07:03:22.451,1.71974,1.71995,1.57,3.07
2016.02.04 07:03:23.210,1.71974,1.71995,1.57,2.70
2016.02.04 07:03:23.723,1.71974,1.71993,1.57,1.00
2016.02.04 07:03:24.215,1.71973,1.71991,1.57,1.10
2016.02.04 07:03:24.317,1.7197,1.71989,1.87,1.00
2016.02.04 07:03:24.470,1.71968,1.71987,3.07,1.00
2016.02.04 07:03:24.978,1.71968,1.71987,2.77,1.20
2016.02.04 07:03:25.306,1.71972,1.7199,1.10,1.95
2016.02.04 07:03:25.713,1.71974,1.71991,1.00,1.50
2016.02.04 07:03:26.452,1.71974,1.71989,1.00,1.00
2016.02.04 07:03:26.980,1.71974,1.7199,1.00,1.00
2016.02.04 07:03:27.577,1.71974,1.71991,1.50,1.00
2016.02.04 07:03:28.086,1.71974,1.71991,1.12,1.50
2016.02.04 07:03:28.494,1.71975,1.71994,1.10,1.87
2016.02.04 07:03:28.964,1.71977,1.71995,1.00,1.87
2016.02.04 07:03:30.198,1.71977,1.71995,1.50,1.50
2016.02.04 07:03:30.604,1.71982,1.71995,1.00,1.00
2016.02.04 07:03:30.706,1.71982,1.71999,1.00,2.70
2016.02.04 07:03:30.808,1.71989,1.71998,1.00,1.00
2016.02.04 07:03:30.911,1.71989,1.72002,1.00,1.12
2016.02.04 07:03:30.962,1.71989,1.72003,1.00,1.10
2016.02.04 07:03:31.483,1.71989,1.72004,1.00,1.00
2016.02.04 07:03:31.749,1.71992,1.72005,1.00,1.47
2016.02.04 07:03:32.257,1.71999,1.72007,1.00,1.50
2016.02.04 07:03:32.447,1.72005,1.72017,1.00,1.50
2016.02.04 07:03:32.498,1.72012,1.72018,1.00,1.00
2016.02.04 07:03:32.551,1.72012,1.72025,1.00,2.25
2016.02.04 07:03:32.653,1.72012,1.72028,1.50,2.32
2016.02.04 07:03:32.807,1.72009,1.72028,1.57,2.25
2016.02.04 07:03:33.265,1.72007,1.72025,1.65,1.50
2016.02.04 07:03:33.586,1.72006,1.72024,1.87,1.12
2016.02.04 07:03:35.259,1.72005,1.72022,1.20,1.00
2016.02.04 07:03:35.516,1.72003,1.72023,1.87,3.15
2016.02.04 07:03:35.693,1.72003,1.72021,1.00,1.95
2016.02.04 07:03:36.101,1.72,1.72018,1.50,1.87
2016.02.04 07:03:37.232,1.71998,1.72019,2.02,1.87
2016.02.04 07:03:37.284,1.71997,1.72016,3.00,1.00
2016.02.04 07:03:37.589,1.71996,1.72013,1.37,1.00
2016.02.04 07:03:37.640,1.71994,1.72013,3.00,1.12
2016.02.04 07:03:37.800,1.71994,1.72011,1.10,1.00
2016.02.04 07:03:38.313,1.71993,1.72011,1.50,1.00
2016.02.04 07:03:38.821,1.71991,1.7201,3.19,1.00
2016.02.04 07:03:40.611,1.71993,1.7201,1.00,1.10
2016.02.04 07:03:40.916,1.71995,1.72012,1.00,1.57
2016.02.04 07:03:40.967,1.71995,1.72012,1.12,1.20
2016.02.04 07:03:41.018,1.71995,1.72014,1.87,1.87
2016.02.04 07:03:41.120,1.71995,1.72014,3.00,1.00
2016.02.04 07:03:41.385,1.71995,1.72014,2.02,1.00
2016.02.04 07:03:41.437,1.71997,1.72016,1.00,3.00
2016.02.04 07:03:42.311,1.71997,1.72016,1.00,1.57
2016.02.04 07:03:42.670,1.71991,1.7201,2.25,1.50
2016.02.04 07:03:42.721,1.71989,1.72008,2.32,1.20
2016.02.04 07:03:42.824,1.71987,1.72006,1.57,1.87
2016.02.04 07:03:42.877,1.71986,1.72005,1.87,1.87
2016.02.04 07:03:42.928,1.71985,1.72003,1.50,1.07
2016.02.04 07:03:43.081,1.71983,1.72003,1.00,2.14
2016.02.04 07:03:44.282,1.71982,1.72001,1.00,1.57
2016.02.04 07:03:44.333,1.71982,1.72,1.00,2.25
2016.02.04 07:03:44.673,1.71982,1.71999,1.00,1.50
2016.02.04 07:03:44.775,1.71982,1.72,1.00,1.45
2016.02.04 07:03:46.542,1.71983,1.72,1.00,1.12
2016.02.04 07:03:47.089,1.71983,1.72001,1.00,2.06
2016.02.04 07:03:47.343,1.71981,1.72001,1.00,1.87
2016.02.04 07:03:47.395,1.71979,1.72001,1.87,3.74
2016.02.04 07:03:47.700,1.71978,1.71996,1.00,1.01
2016.02.04 07:03:48.556,1.71975,1.71996,3.75,1.01
2016.02.04 07:03:49.065,1.71978,1.71996,1.00,1.47
2016.02.04 07:03:49.536,1.71978,1.71998,1.00,2.69
2016.02.04 07:03:50.044,1.71978,1.71998,1.37,2.69
2016.02.04 07:03:50.146,1.71979,1.71999,1.37,2.13
2016.02.04 07:03:50.299,1.71981,1.72,1.87,1.20
2016.02.04 07:03:51.901,1.7198,1.72,1.57,1.83
2016.02.04 07:03:52.408,1.7198,1.72,1.47,2.62
2016.02.04 07:03:52.814,1.71979,1.71998,1.00,1.38
2016.02.04 07:03:53.759,1.71978,1.71998,1.10,1.39
2016.02.04 07:03:54.651,1.71977,1.71997,1.50,1.41
2016.02.04 07:03:58.546,1.71975,1.71994,1.45,1.10
2016.02.04 07:03:58.648,1.71973,1.71991,1.87,1.00
2016.02.04 07:03:58.751,1.71971,1.71991,1.87,1.69
2016.02.04 07:03:59.134,1.71969,1.7199,1.45,2.70
2016.02.04 07:03:59.440,1.71967,1.71986,1.50,1.00
2016.02.04 07:03:59.950,1.71968,1.71987,1.12,1.20
2016.02.04 07:04:00.263,1.71968,1.71987,1.00,1.57
2016.02.04 07:04:00.974,1.71967,1.71985,1.50,1.07
2016.02.04 07:04:01.503,1.71965,1.71986,1.20,1.57
2016.02.04 07:04:03.699,1.71965,1.71985,1.12,1.50
2016.02.04 07:04:05.025,1.71969,1.71988,1.50,1.57
2016.02.04 07:04:05.077,1.71969,1.71988,1.50,1.57
2016.02.04 07:04:05.128,1.71971,1.7199,1.10,1.45
2016.02.04 07:04:05.179,1.71971,1.7199,1.10,1.45
2016.02.04 07:04:05.230,1.71972,1.7199,2.44,1.12
2016.02.04 07:04:05.384,1.71973,1.71994,1.84,1.82
2016.02.04 07:04:05.435,1.71973,1.71994,3.26,1.12
2016.02.04 07:04:07.446,1.71973,1.71992,1.57,1.20
2016.02.04 07:04:07.548,1.71972,1.71991,1.00,1.87
2016.02.04 07:04:07.853,1.71968,1.71989,2.44,1.10
2016.02.04 07:04:07.955,1.71968,1.7199,2.06,1.82
2016.02.04 07:04:08.323,1.71966,1.71986,2.81,1.37
2016.02.04 07:04:09.935,1.71964,1.71986,2.32,2.00
2016.02.04 07:04:10.444,1.71965,1.71986,1.47,2.06
2016.02.04 07:04:10.749,1.7197,1.71989,1.57,1.85
2016.02.04 07:04:10.800,1.71971,1.71989,1.20,1.85
2016.02.04 07:04:10.957,1.71971,1.71987,1.45,1.00
2016.02.04 07:04:11.508,1.71971,1.71991,1.50,1.75
2016.02.04 07:04:11.813,1.71974,1.71992,1.00,1.09
2016.02.04 07:04:12.349,1.71973,1.71993,1.00,2.44
2016.02.04 07:04:12.857,1.71974,1.71993,1.50,2.62
2016.02.04 07:04:13.367,1.71976,1.71993,1.00,1.57
2016.02.04 07:04:13.456,1.71976,1.71993,1.00,1.57
2016.02.04 07:04:13.967,1.71976,1.71993,1.00,1.57
2016.02.04 07:04:14.121,1.71976,1.71996,1.00,2.62
2016.02.04 07:04:15.615,1.71974,1.71995,2.62,1.00
2016.02.04 07:04:15.718,1.71974,1.71995,2.62,1.12
2016.02.04 07:04:16.389,1.71975,1.71995,1.45,1.00
2016.02.04 07:04:16.923,1.71977,1.71998,1.00,2.25
2016.02.04 07:04:17.126,1.71979,1.71999,1.00,3.75
2016.02.04 07:04:17.380,1.71979,1.71999,1.00,1.00
2016.02.04 07:04:18.095,1.71979,1.71999,2.25,1.12
2016.02.04 07:04:18.248,1.71982,1.71999,1.00,1.00
2016.02.04 07:04:18.506,1.71982,1.72001,1.76,1.12
2016.02.04 07:04:19.181,1.71982,1.72002,2.89,1.10
2016.02.04 07:04:20.285,1.71983,1.72001,1.39,1.00
2016.02.04 07:04:21.238,1.71986,1.72003,1.00,1.57
2016.02.04 07:04:21.543,1.7199,1.72006,1.10,1.00
2016.02.04 07:04:22.146,1.71989,1.72006,3.00,1.00
2016.02.04 07:04:22.248,1.7199,1.72008,1.01,1.00
2016.02.04 07:04:23.111,1.71992,1.72009,1.50,1.00
2016.02.04 07:04:25.253,1.71992,1.72009,1.12,1.00
2016.02.04 07:04:26.244,1.71992,1.72009,1.00,1.00
2016.02.04 07:04:30.481,1.71992,1.7201,1.25,1.00
2016.02.04 07:04:32.510,1.71989,1.72009,1.69,1.00
2016.02.04 07:04:32.561,1.71989,1.72009,1.69,1.12
2016.02.04 07:04:33.895,1.71988,1.72008,2.25,1.12
2016.02.04 07:04:33.946,1.71987,1.72008,2.51,1.95
2016.02.04 07:04:34.455,1.71986,1.72007,1.09,1.27
2016.02.04 07:04:34.709,1.71986,1.72004,1.09,1.00
2016.02.04 07:04:35.073,1.71984,1.72003,1.50,1.57
2016.02.04 07:04:35.481,1.71984,1.72005,1.57,3.07
2016.02.04 07:04:38.590,1.71986,1.72006,1.12,1.95
2016.02.04 07:04:38.804,1.71986,1.72002,1.44,1.00
2016.02.04 07:04:39.009,1.71981,1.72,1.37,1.07
2016.02.04 07:04:40.314,1.71984,1.72001,1.00,1.75
2016.02.04 07:04:40.416,1.71984,1.72001,1.00,1.10
2016.02.04 07:04:40.570,1.71987,1.72002,1.00,1.50
2016.02.04 07:04:40.621,1.71987,1.72005,1.00,1.57
2016.02.04 07:04:41.029,1.71991,1.72007,1.00,2.62
2016.02.04 07:04:41.131,1.71991,1.72011,1.00,2.62
2016.02.04 07:04:42.023,1.71991,1.72011,1.50,1.87
2016.02.04 07:04:42.175,1.71989,1.7201,2.77,1.57
2016.02.04 07:04:42.226,1.71989,1.72005,1.65,1.00
2016.02.04 07:04:42.429,1.71985,1.72004,1.12,1.87
2016.02.04 07:04:44.681,1.71985,1.72004,1.31,1.87
2016.02.04 07:04:44.986,1.71986,1.72004,1.25,1.10
2016.02.04 07:04:45.037,1.71988,1.72005,1.00,2.62
2016.02.04 07:04:45.379,1.71996,1.72009,1.00,1.12
2016.02.04 07:04:45.533,1.71998,1.72015,1.00,1.20
2016.02.04 07:04:45.635,1.71998,1.72015,1.00,1.47
2016.02.04 07:04:45.788,1.71999,1.72017,1.19,2.32
2016.02.04 07:04:45.839,1.72001,1.72018,1.00,1.87
2016.02.04 07:04:46.352,1.72001,1.72019,1.00,1.87
2016.02.04 07:04:46.859,1.71998,1.72019,2.62,1.87
2016.02.04 07:04:46.910,1.71998,1.72019,2.25,1.87
2016.02.04 07:04:47.679,1.71998,1.72017,1.00,1.50
2016.02.04 07:04:47.986,1.71996,1.72016,1.50,2.25
2016.02.04 07:04:48.498,1.71998,1.72017,1.12,1.57
2016.02.04 07:04:48.809,1.71996,1.72016,1.00,1.85
2016.02.04 07:04:48.911,1.71995,1.72014,1.31,1.50
2016.02.04 07:04:49.115,1.71993,1.72013,1.12,1.45
2016.02.04 07:04:51.907,1.71992,1.72011,1.76,1.00
2016.02.04 07:04:52.061,1.7199,1.72011,1.10,3.37
2016.02.04 07:04:52.569,1.7199,1.72009,1.00,1.07
2016.02.04 07:04:53.617,1.7199,1.7201,1.19,2.25
2016.02.04 07:04:53.871,1.71991,1.72012,2.25,1.20
2016.02.04 07:04:53.922,1.71992,1.72012,1.76,1.10
2016.02.04 07:04:54.470,1.71994,1.72013,1.25,1.57
2016.02.04 07:04:54.978,1.71994,1.72014,1.19,1.27
2016.02.04 07:04:56.035,1.71994,1.72013,1.31,1.00
2016.02.04 07:04:56.592,1.71994,1.72013,1.12,1.00
2016.02.04 07:04:57.049,1.71993,1.72011,1.00,1.00
2016.02.04 07:04:57.561,1.71994,1.72011,1.00,1.00
2016.02.04 07:04:58.068,1.71994,1.72013,1.00,1.07
2016.02.04 07:04:58.598,1.71996,1.72013,1.00,1.07
2016.02.04 07:04:59.004,1.71994,1.72014,1.00,1.87
2016.02.04 07:04:59.310,1.7199,1.72013,2.62,2.70
2016.02.04 07:04:59.361,1.7199,1.72011,1.65,1.20
2016.02.04 07:05:00.216,1.7199,1.72011,2.32,1.39
2016.02.04 07:05:00.755,1.7199,1.72011,1.50,2.62
2016.02.04 07:05:01.301,1.7199,1.7201,1.00,1.27
2016.02.04 07:05:01.555,1.7199,1.72007,1.00,1.00
2016.02.04 07:05:01.658,1.71987,1.72007,2.25,1.00
2016.02.04 07:05:02.169,1.71989,1.72007,1.00,1.10
2016.02.04 07:05:02.696,1.7199,1.72008,1.00,1.00
2016.02.04 07:05:03.255,1.71989,1.72008,1.10,1.00
2016.02.04 07:05:03.763,1.71987,1.72006,1.12,1.45
2016.02.04 07:05:04.129,1.71985,1.72002,1.20,1.00
2016.02.04 07:05:04.232,1.71983,1.72002,1.10,1.00
2016.02.04 07:05:04.283,1.71983,1.72,1.10,1.00
2016.02.04 07:05:04.538,1.71981,1.72,1.12,1.20
2016.02.04 07:05:04.641,1.71981,1.72,1.75,1.10
2016.02.04 07:05:05.304,1.71982,1.72002,1.57,1.01
2016.02.04 07:05:05.762,1.71982,1.72003,1.57,1.69
2016.02.04 07:05:05.965,1.71982,1.71999,1.57,1.00
2016.02.04 07:05:06.394,1.71982,1.72001,1.12,1.20
2016.02.04 07:05:06.751,1.71983,1.72,1.00,1.00
2016.02.04 07:05:07.261,1.71983,1.72002,1.12,1.57
2016.02.04 07:05:10.898,1.71985,1.72002,1.00,1.76
2016.02.04 07:05:11.405,1.71986,1.72005,1.12,1.46
2016.02.04 07:05:11.507,1.71989,1.72005,1.00,1.84
2016.02.04 07:05:12.791,1.71989,1.72006,1.00,1.10
2016.02.04 07:05:17.036,1.71992,1.72006,1.00,1.00
2016.02.04 07:05:17.240,1.71994,1.72011,1.00,1.95
2016.02.04 07:05:17.449,1.71997,1.72011,1.00,1.10
2016.02.04 07:05:17.751,1.71997,1.72014,1.00,1.25
2016.02.04 07:05:18.260,1.71998,1.72014,1.00,1.00
2016.02.04 07:05:18.565,1.72,1.72014,1.00,1.00
2016.02.04 07:05:19.048,1.72003,1.72016,1.00,1.12
2016.02.04 07:05:19.100,1.72003,1.72018,1.00,1.95
2016.02.04 07:05:19.871,1.72003,1.72021,1.00,1.50
2016.02.04 07:05:20.178,1.72003,1.7202,1.00,1.12
2016.02.04 07:05:21.274,1.72003,1.72021,1.00,1.87
2016.02.04 07:05:22.894,1.72003,1.72021,1.12,1.00
2016.02.04 07:05:22.996,1.72006,1.72021,1.00,1.00
2016.02.04 07:05:23.200,1.72006,1.72026,1.57,1.50
2016.02.04 07:05:23.548,1.72009,1.72026,1.00,1.65
2016.02.04 07:05:23.955,1.72004,1.72021,1.50,1.00
2016.02.04 07:05:24.159,1.72002,1.72023,3.00,1.00
2016.02.04 07:05:24.362,1.72007,1.72025,1.25,1.20
2016.02.04 07:05:24.512,1.72007,1.72025,1.85,1.00
2016.02.04 07:05:25.122,1.7201,1.72027,1.00,1.57
2016.02.04 07:05:25.630,1.7201,1.72027,1.00,1.10
2016.02.04 07:05:25.936,1.72005,1.72024,1.12,1.00
2016.02.04 07:05:25.988,1.72004,1.72025,1.45,1.95
2016.02.04 07:05:26.092,1.72004,1.72025,1.20,1.57
2016.02.04 07:05:26.600,1.72007,1.72025,1.00,1.57
2016.02.04 07:05:28.148,1.72007,1.72022,1.00,1.00
2016.02.04 07:05:28.806,1.72004,1.72021,1.12,1.00
2016.02.04 07:05:28.908,1.72004,1.72021,1.00,1.00
2016.02.04 07:05:29.878,1.72004,1.72022,1.00,1.10
2016.02.04 07:05:29.930,1.72004,1.72019,1.00,1.87
2016.02.04 07:05:29.981,1.71999,1.72018,1.12,1.50
2016.02.04 07:05:30.083,1.71998,1.72016,1.85,1.00
2016.02.04 07:05:30.912,1.71998,1.72012,1.10,1.00
2016.02.04 07:05:31.015,1.71993,1.72012,1.75,1.20
2016.02.04 07:05:31.068,1.71993,1.72012,1.00,1.57
2016.02.04 07:05:31.577,1.71992,1.72013,1.75,1.57
2016.02.04 07:05:31.916,1.72,1.72018,1.00,3.07
2016.02.04 07:05:32.018,1.72004,1.72018,1.00,1.87
2016.02.04 07:05:32.120,1.72002,1.72019,1.00,1.57
2016.02.04 07:05:37.826,1.72002,1.7202,1.94,1.12
2016.02.04 07:05:37.877,1.72005,1.72022,1.12,1.37
2016.02.04 07:05:38.030,1.72008,1.72026,1.75,2.62
2016.02.04 07:05:38.233,1.72008,1.72029,1.75,2.70
2016.02.04 07:05:38.742,1.72008,1.72028,1.75,1.50
2016.02.04 07:05:39.213,1.72008,1.72028,1.12,1.50
2016.02.04 07:05:39.714,1.72008,1.72028,1.31,1.50
2016.02.04 07:05:39.918,1.72007,1.72027,1.20,1.20
2016.02.04 07:05:40.539,1.72007,1.72025,1.20,1.00
2016.02.04 07:05:41.503,1.72007,1.72022,1.10,1.00
2016.02.04 07:05:42.649,1.72005,1.72022,1.75,1.00
2016.02.04 07:05:45.303,1.72003,1.72018,1.12,1.00
2016.02.04 07:05:45.364,1.72003,1.72018,1.12,1.00
2016.02.04 07:05:45.416,1.72002,1.72016,1.00,1.00
2016.02.04 07:05:45.519,1.71997,1.72016,1.95,1.00
2016.02.04 07:05:45.621,1.71994,1.72012,2.43,1.00
2016.02.04 07:05:46.447,1.71994,1.72012,1.38,1.00
2016.02.04 07:05:47.263,1.71994,1.72015,1.45,1.12
2016.02.04 07:05:48.489,1.71995,1.72013,1.50,1.00
2016.02.04 07:05:48.743,1.71994,1.72013,1.20,1.00
2016.02.04 07:05:48.905,1.71994,1.72011,1.20,1.00
2016.02.04 07:05:49.413,1.71993,1.72011,1.12,1.37
2016.02.04 07:05:50.397,1.71991,1.72011,3.55,1.37
2016.02.04 07:05:51.724,1.71992,1.72011,1.20,1.00
2016.02.04 07:05:52.231,1.71992,1.72011,1.07,1.37
2016.02.04 07:05:52.485,1.71991,1.72008,2.25,1.00
2016.02.04 07:05:52.820,1.71982,1.72002,2.40,1.00
2016.02.04 07:05:53.177,1.71981,1.72,1.95,1.00
2016.02.04 07:05:53.550,1.71981,1.71998,1.20,1.00
2016.02.04 07:05:53.653,1.71979,1.71998,2.00,1.47
2016.02.04 07:05:54.168,1.71979,1.71998,2.00,1.20
2016.02.04 07:05:54.716,1.7198,1.71999,1.50,2.32
2016.02.04 07:05:56.468,1.7198,1.71999,1.50,2.32
2016.02.04 07:05:57.097,1.7198,1.71999,1.50,1.57
2016.02.04 07:05:57.382,1.71982,1.72,1.00,2.25
2016.02.04 07:05:57.484,1.71983,1.72002,1.12,1.95
2016.02.04 07:05:57.586,1.71987,1.72003,1.00,1.00
2016.02.04 07:05:58.106,1.71987,1.72004,1.69,1.12
2016.02.04 07:06:01.029,1.71987,1.72002,1.69,1.00
2016.02.04 07:06:06.430,1.71987,1.72003,1.50,1.00
2016.02.04 07:06:09.377,1.71987,1.72003,1.50,1.00
2016.02.04 07:06:09.462,1.71987,1.72006,1.75,1.00
2016.02.04 07:06:09.513,1.71991,1.72007,1.37,1.10
2016.02.04 07:06:09.718,1.71996,1.72012,1.07,1.00
2016.02.04 07:06:09.770,1.71998,1.72014,1.12,1.00
2016.02.04 07:06:10.127,1.72,1.72017,1.10,1.00
2016.02.04 07:06:10.230,1.72003,1.72019,1.10,1.12
2016.02.04 07:06:10.282,1.72003,1.72021,1.57,1.12
2016.02.04 07:06:10.384,1.72004,1.72023,1.95,1.00
2016.02.04 07:06:10.717,1.72009,1.72025,1.85,1.00
2016.02.04 07:06:10.920,1.72011,1.72029,1.07,1.00
2016.02.04 07:06:11.073,1.72012,1.72029,1.85,1.00
2016.02.04 07:06:11.124,1.72014,1.72031,1.07,1.00
2016.02.04 07:06:11.226,1.72016,1.72033,1.00,1.00
2016.02.04 07:06:11.572,1.72016,1.72033,1.37,1.00
2016.02.04 07:06:11.624,1.72017,1.72036,1.37,1.00
2016.02.04 07:06:11.675,1.72017,1.72036,1.57,1.00
2016.02.04 07:06:15.437,1.72018,1.72037,1.95,1.00
2016.02.04 07:06:16.197,1.72018,1.72034,1.95,1.00
2016.02.04 07:06:16.756,1.7202,1.72037,1.00,1.00
2016.02.04 07:06:20.143,1.7202,1.72036,1.00,1.00
2016.02.04 07:06:20.347,1.72018,1.72039,1.50,1.27
2016.02.04 07:06:20.448,1.72017,1.72039,1.87,2.32
2016.02.04 07:06:20.956,1.72016,1.72035,1.20,1.00
2016.02.04 07:06:21.007,1.72014,1.72035,2.62,1.00
2016.02.04 07:06:21.059,1.72014,1.72034,1.69,1.50
2016.02.04 07:06:21.408,1.72012,1.7203,1.00,2.21
2016.02.04 07:06:22.172,1.72012,1.7203,1.00,1.27
2016.02.04 07:06:22.747,1.72012,1.7203,1.00,1.57
2016.02.04 07:06:23.252,1.72012,1.7203,1.00,1.27
2016.02.04 07:06:24.142,1.72012,1.7203,1.00,1.57
2016.02.04 07:06:24.650,1.72012,1.7203,1.00,1.27
2016.02.04 07:06:24.955,1.72012,1.7203,1.00,2.25
2016.02.04 07:06:27.152,1.72012,1.72031,1.50,2.62
2016.02.04 07:06:28.191,1.72012,1.72031,1.50,1.87
2016.02.04 07:06:28.699,1.72012,1.72031,1.00,2.62
2016.02.04 07:06:29.562,1.72012,1.72031,1.00,2.06
2016.02.04 07:06:29.780,1.72019,1.72031,1.00,1.31
2016.02.04 07:06:29.991,1.72021,1.72039,1.00,1.87
2016.02.04 07:06:30.042,1.72019,1.72038,2.32,1.37
2016.02.04 07:06:30.094,1.72019,1.72038,1.85,1.75
2016.02.04 07:06:30.247,1.7202,1.72036,1.00,1.57
2016.02.04 07:06:30.298,1.72018,1.72036,1.12,1.20
2016.02.04 07:06:31.114,1.72018,1.72035,1.00,1.47
2016.02.04 07:06:31.419,1.72017,1.72033,1.00,1.50
2016.02.04 07:06:31.725,1.72019,1.72034,1.00,1.20
2016.02.04 07:06:32.081,1.72019,1.72035,1.00,1.12
2016.02.04 07:06:32.614,1.72017,1.72035,1.12,1.87
2016.02.04 07:06:32.880,1.72023,1.72035,1.00,1.87
2016.02.04 07:06:32.983,1.72025,1.72039,1.00,1.37
2016.02.04 07:06:33.034,1.72028,1.72042,1.00,1.45
2016.02.04 07:06:33.540,1.72028,1.72044,1.00,1.87
2016.02.04 07:06:33.642,1.72025,1.72044,1.12,1.87
2016.02.04 07:06:35.433,1.72025,1.72044,1.12,1.12
2016.02.04 07:06:39.658,1.72026,1.72044,1.00,1.12
2016.02.04 07:06:39.810,1.72026,1.72043,1.00,1.50
2016.02.04 07:06:44.735,1.72025,1.72043,1.87,1.50
2016.02.04 07:06:45.242,1.72026,1.72043,1.00,1.50
2016.02.04 07:06:46.974,1.72026,1.72045,2.25,1.57
2016.02.04 07:06:47.790,1.72026,1.72042,1.00,1.00
2016.02.04 07:06:47.841,1.72022,1.72042,1.50,1.00
2016.02.04 07:06:47.893,1.72021,1.72036,1.20,1.00
2016.02.04 07:06:47.944,1.72017,1.72036,1.95,1.00
2016.02.04 07:06:48.046,1.72016,1.72034,1.00,1.20
2016.02.04 07:06:49.258,1.72017,1.72034,1.00,1.20
2016.02.04 07:06:49.512,1.72017,1.72036,1.50,1.87
2016.02.04 07:06:50.044,1.72017,1.72037,2.25,1.95
2016.02.04 07:06:51.721,1.72019,1.72037,1.00,1.95
2016.02.04 07:06:52.504,1.72018,1.72035,1.12,1.20
2016.02.04 07:06:52.555,1.72015,1.72032,1.50,1.12
2016.02.04 07:06:52.860,1.72012,1.72031,1.87,1.95
2016.02.04 07:06:53.064,1.72009,1.72029,2.62,2.62
2016.02.04 07:06:53.598,1.72009,1.72027,1.00,1.57
2016.02.04 07:06:54.006,1.7201,1.72026,1.00,1.87
2016.02.04 07:06:56.425,1.72007,1.72026,1.12,2.25
2016.02.04 07:06:56.527,1.72005,1.72024,1.50,1.60
2016.02.04 07:06:56.578,1.72003,1.72023,1.87,1.57
2016.02.04 07:06:57.086,1.72003,1.72022,1.00,1.47
2016.02.04 07:06:58.390,1.72003,1.72021,1.00,1.87
2016.02.04 07:06:58.899,1.72001,1.72021,1.50,2.25
2016.02.04 07:06:59.896,1.72001,1.7202,1.00,1.45
2016.02.04 07:07:00.754,1.71999,1.72019,1.12,1.47
2016.02.04 07:07:02.750,1.72001,1.7202,1.00,2.14
2016.02.04 07:07:02.903,1.72003,1.72022,1.50,2.02
2016.02.04 07:07:03.056,1.72006,1.72024,1.87,1.85
2016.02.04 07:07:03.158,1.72008,1.72026,1.00,1.10
2016.02.04 07:07:03.318,1.72011,1.72027,1.00,1.12
2016.02.04 07:07:03.472,1.72012,1.7203,1.00,1.65
2016.02.04 07:07:03.625,1.72014,1.7203,1.00,1.65
2016.02.04 07:07:03.929,1.72012,1.7203,1.00,1.65
2016.02.04 07:07:04.430,1.7201,1.72029,1.50,1.07
2016.02.04 07:07:05.674,1.7201,1.72026,1.00,1.00
2016.02.04 07:07:05.764,1.72008,1.72026,1.87,1.00
2016.02.04 07:07:05.867,1.72008,1.72026,1.50,1.57
2016.02.04 07:07:08.989,1.72008,1.72026,2.25,1.20
2016.02.04 07:07:09.193,1.72011,1.7203,1.50,1.27
2016.02.04 07:07:09.600,1.72013,1.72032,1.12,1.57
2016.02.04 07:07:09.940,1.72015,1.72032,1.00,1.50
2016.02.04 07:07:10.246,1.72013,1.72033,1.12,1.20
2016.02.04 07:07:12.426,1.72012,1.72033,1.69,1.95
2016.02.04 07:07:13.066,1.72012,1.72033,1.69,1.57
2016.02.04 07:07:13.675,1.72012,1.72033,1.69,1.95
2016.02.04 07:07:14.207,1.72013,1.72034,1.50,1.87
2016.02.04 07:07:14.716,1.72014,1.72034,1.00,1.50
2016.02.04 07:07:15.173,1.72016,1.72035,1.69,1.57
2016.02.04 07:07:15.392,1.72017,1.72037,1.37,1.57
2016.02.04 07:07:15.901,1.72017,1.72037,1.37,2.32
2016.02.04 07:07:16.408,1.72016,1.72037,2.44,1.57
2016.02.04 07:07:16.915,1.72016,1.72036,1.50,1.45
2016.02.04 07:07:19.331,1.72015,1.72035,2.44,1.27
2016.02.04 07:07:19.889,1.72015,1.72035,2.25,1.20
2016.02.04 07:07:20.397,1.72013,1.72034,2.14,1.00
2016.02.04 07:07:20.500,1.72013,1.72034,2.06,1.57
2016.02.04 07:07:21.331,1.72013,1.72034,1.12,1.95
2016.02.04 07:07:22.370,1.72013,1.72032,1.75,1.07
2016.02.04 07:07:24.847,1.72014,1.72033,1.12,3.00
2016.02.04 07:07:24.949,1.72013,1.72033,2.44,3.00
2016.02.04 07:07:25.102,1.72014,1.72032,1.50,1.20
2016.02.04 07:07:25.204,1.72013,1.72032,2.25,1.57
2016.02.04 07:07:25.743,1.72011,1.72032,3.19,1.27
2016.02.04 07:07:25.794,1.72012,1.72032,1.12,1.95
2016.02.04 07:07:28.254,1.72013,1.72031,1.00,1.12
2016.02.04 07:07:28.356,1.72011,1.72028,1.37,1.00
2016.02.04 07:07:30.784,1.72009,1.72025,1.20,1.00
2016.02.04 07:07:31.502,1.72009,1.72026,1.20,1.00
2016.02.04 07:07:33.419,1.72011,1.7203,2.70,1.00
2016.02.04 07:07:33.470,1.72011,1.72032,2.62,1.12
2016.02.04 07:07:33.704,1.72014,1.72034,1.75,1.00
2016.02.04 07:07:33.755,1.72014,1.72034,2.00,1.00
2016.02.04 07:07:34.264,1.72018,1.72037,1.12,1.57
2016.02.04 07:07:34.770,1.72018,1.72037,1.12,2.32
2016.02.04 07:07:34.923,1.72019,1.72038,1.37,2.25
2016.02.04 07:07:35.025,1.7202,1.72039,1.50,1.00
2016.02.04 07:07:35.361,1.72021,1.72041,2.14,1.37
2016.02.04 07:07:35.565,1.72023,1.72042,1.37,1.00
2016.02.04 07:07:35.718,1.72023,1.72044,2.81,1.27
2016.02.04 07:07:36.025,1.72031,1.72048,1.00,1.00
2016.02.04 07:07:36.402,1.72029,1.72045,2.25,1.00
2016.02.04 07:07:36.454,1.72028,1.72045,1.20,1.00
2016.02.04 07:07:36.556,1.72027,1.72043,1.00,1.00
2016.02.04 07:07:36.659,1.72025,1.72043,1.10,1.00
2016.02.04 07:07:36.763,1.72024,1.72043,2.44,1.00
2016.02.04 07:07:38.808,1.72028,1.72046,2.25,1.12
2016.02.04 07:07:38.859,1.72029,1.72048,2.19,1.12
2016.02.04 07:07:38.911,1.72029,1.72048,1.81,1.12
2016.02.04 07:07:38.963,1.72034,1.72051,1.00,1.95
2016.02.04 07:07:39.014,1.72034,1.72051,1.00,1.20
2016.02.04 07:07:39.065,1.72034,1.72052,1.62,1.87
2016.02.04 07:07:39.628,1.72032,1.72052,3.19,1.57
2016.02.04 07:07:40.192,1.72031,1.7205,3.56,1.20
2016.02.04 07:07:40.757,1.72031,1.7205,1.87,1.65
2016.02.04 07:07:41.458,1.72031,1.7205,1.50,1.12
2016.02.04 07:07:42.320,1.7203,1.72047,1.87,1.00
2016.02.04 07:07:42.473,1.7203,1.72047,1.25,1.10
2016.02.04 07:07:42.524,1.72027,1.72045,1.37,1.00
2016.02.04 07:07:42.575,1.72027,1.72045,1.44,1.00
2016.02.04 07:07:43.033,1.72026,1.72045,1.00,1.00
2016.02.04 07:07:45.846,1.72026,1.72046,1.50,1.12
2016.02.04 07:07:46.354,1.72026,1.72046,1.50,1.00
2016.02.04 07:07:47.761,1.72025,1.72044,2.77,1.00
2016.02.04 07:07:52.777,1.72025,1.72046,2.77,1.00
2016.02.04 07:07:52.980,1.72025,1.72042,2.02,1.00
2016.02.04 07:07:53.598,1.72025,1.72046,2.96,1.00
2016.02.04 07:07:53.751,1.72029,1.72046,1.50,1.00
2016.02.04 07:07:54.056,1.72034,1.72048,1.00,1.00
2016.02.04 07:07:54.642,1.72034,1.72049,1.00,1.10
2016.02.04 07:07:54.897,1.72029,1.72045,1.12,1.20
2016.02.04 07:07:55.000,1.72027,1.72043,2.25,1.47
2016.02.04 07:07:55.102,1.72026,1.72043,1.12,1.95
2016.02.04 07:07:55.204,1.72022,1.72043,2.25,1.87
2016.02.04 07:07:55.723,1.72022,1.72043,1.75,2.25
2016.02.04 07:07:56.252,1.72021,1.72041,1.12,1.12
2016.02.04 07:07:56.506,1.7202,1.72041,1.87,2.25
2016.02.04 07:07:57.671,1.72023,1.7204,1.12,1.00
2016.02.04 07:07:58.207,1.72023,1.72039,1.50,1.00
2016.02.04 07:07:58.716,1.72023,1.72039,1.00,1.00
2016.02.04 07:07:59.048,1.72027,1.72041,1.00,1.00
2016.02.04 07:07:59.558,1.72027,1.72042,2.25,1.00
2016.02.04 07:08:00.076,1.72028,1.72042,1.12,1.00
2016.02.04 07:08:00.820,1.72026,1.72042,2.02,1.00
2016.02.04 07:08:01.373,1.72026,1.72044,1.57,1.00
2016.02.04 07:08:01.881,1.72028,1.72045,2.02,1.00
2016.02.04 07:08:02.287,1.72028,1.72043,2.40,1.00
2016.02.04 07:08:02.541,1.72029,1.72045,1.12,1.00
2016.02.04 07:08:02.745,1.72029,1.72043,1.50,1.00
2016.02.04 07:08:03.050,1.72028,1.72039,1.00,1.00
2016.02.04 07:08:03.573,1.72028,1.72043,1.50,2.62
2016.02.04 07:08:03.675,1.72034,1.72043,1.00,1.75
2016.02.04 07:08:03.727,1.72037,1.72048,1.12,1.37
2016.02.04 07:08:03.780,1.72037,1.72051,1.12,1.12
2016.02.04 07:08:03.831,1.72042,1.72051,1.00,1.00
2016.02.04 07:08:03.882,1.72042,1.72053,1.00,1.00
2016.02.04 07:08:03.933,1.72038,1.72055,1.44,1.87
2016.02.04 07:08:03.985,1.72038,1.72056,1.87,1.57
2016.02.04 07:08:04.087,1.72041,1.72059,1.00,1.12
2016.02.04 07:08:04.138,1.72041,1.72059,2.25,1.12
2016.02.04 07:08:04.456,1.72045,1.72059,1.00,1.00
2016.02.04 07:08:04.558,1.72045,1.72061,1.57,1.00
2016.02.04 07:08:04.609,1.72045,1.72063,1.47,1.00
2016.02.04 07:08:04.711,1.72047,1.72063,1.87,1.00
2016.02.04 07:08:05.118,1.72046,1.72063,1.57,1.00
2016.02.04 07:08:05.645,1.72045,1.72062,1.57,1.00
2016.02.04 07:08:06.161,1.72045,1.72062,1.20,1.00
2016.02.04 07:08:07.025,1.72046,1.72062,1.00,1.00
2016.02.04 07:08:07.433,1.72045,1.7206,1.95,1.00
2016.02.04 07:08:07.970,1.72044,1.7206,1.12,1.00
2016.02.04 07:08:08.228,1.72046,1.72061,1.12,1.00
2016.02.04 07:08:08.745,1.72049,1.72063,1.00,1.00
2016.02.04 07:08:08.796,1.72049,1.72065,1.00,1.00
2016.02.04 07:08:08.949,1.7205,1.72067,1.00,1.12
2016.02.04 07:08:09.051,1.72052,1.72067,1.00,1.00
2016.02.04 07:08:09.357,1.72053,1.72067,3.45,1.00
2016.02.04 07:08:09.537,1.72053,1.7207,3.82,1.00
2016.02.04 07:08:09.997,1.72053,1.72067,3.07,1.00
2016.02.04 07:08:10.996,1.72053,1.7207,2.62,1.00
2016.02.04 07:08:12.696,1.72053,1.72069,1.50,1.00
2016.02.04 07:08:12.748,1.72053,1.72069,1.12,1.00
2016.02.04 07:08:13.265,1.72051,1.72069,1.45,1.00
2016.02.04 07:08:13.825,1.72051,1.72069,1.95,1.00
2016.02.04 07:08:14.524,1.72051,1.72069,2.07,1.00
2016.02.04 07:08:15.031,1.72051,1.72069,3.20,1.00
2016.02.04 07:08:15.554,1.72051,1.72069,2.45,1.00
2016.02.04 07:08:15.656,1.72051,1.72071,2.08,1.00
2016.02.04 07:08:15.708,1.72054,1.72071,1.17,1.00
2016.02.04 07:08:20.059,1.72054,1.72071,1.57,1.00
2016.02.04 07:08:20.361,1.72054,1.72069,1.57,1.00
2016.02.04 07:08:20.565,1.7205,1.72069,2.75,1.00
2016.02.04 07:08:25.168,1.72052,1.72069,1.65,1.00
2016.02.04 07:08:27.264,1.72052,1.72069,1.95,1.00
2016.02.04 07:08:27.940,1.72052,1.72069,1.76,1.00
2016.02.04 07:08:28.350,1.72051,1.72063,1.64,1.00
2016.02.04 07:08:28.452,1.72049,1.72061,1.27,1.00
2016.02.04 07:08:28.554,1.72044,1.72061,1.87,1.00
2016.02.04 07:08:28.606,1.72044,1.72061,1.32,1.50
2016.02.04 07:08:28.708,1.72043,1.72058,1.50,1.00
2016.02.04 07:08:28.946,1.7204,1.72057,2.44,1.00
2016.02.04 07:08:29.479,1.72042,1.72057,1.00,1.00
2016.02.04 07:08:30.356,1.7204,1.72057,1.50,1.00
2016.02.04 07:08:30.407,1.7204,1.72059,1.50,1.10
2016.02.04 07:08:31.906,1.72041,1.7206,2.70,1.00
2016.02.04 07:08:32.599,1.72043,1.72059,1.26,1.00
2016.02.04 07:08:32.702,1.72042,1.72057,1.57,1.00
2016.02.04 07:08:33.248,1.72039,1.72057,1.95,1.00
2016.02.04 07:08:39.694,1.72039,1.72057,1.41,1.00
2016.02.04 07:08:42.080,1.72038,1.72059,2.70,1.12
2016.02.04 07:08:43.445,1.72039,1.72057,1.64,1.00
2016.02.04 07:08:43.547,1.72039,1.72057,1.82,1.00
2016.02.04 07:08:44.157,1.72039,1.72059,1.82,1.50
2016.02.04 07:08:44.462,1.72041,1.72059,1.50,1.37
2016.02.04 07:08:44.580,1.72042,1.72061,1.12,1.50
2016.02.04 07:08:45.141,1.72042,1.72058,1.50,1.00
2016.02.04 07:08:45.192,1.72041,1.72058,1.50,1.00
2016.02.04 07:08:45.294,1.7204,1.72056,3.00,1.00
2016.02.04 07:08:50.386,1.72041,1.72057,1.82,1.00
2016.02.04 07:08:51.491,1.72041,1.72057,1.82,1.00
2016.02.04 07:08:54.164,1.72043,1.72061,1.75,1.20
2016.02.04 07:08:54.215,1.72047,1.72063,1.12,1.50
2016.02.04 07:08:54.317,1.72047,1.72063,1.12,1.10
2016.02.04 07:08:54.470,1.72044,1.72063,2.25,1.00
2016.02.04 07:09:00.113,1.72045,1.72063,1.45,1.00
2016.02.04 07:09:01.106,1.72046,1.72065,1.47,1.95
2016.02.04 07:09:01.736,1.72046,1.72065,1.47,1.95
2016.02.04 07:09:02.567,1.72046,1.72065,1.47,1.95
2016.02.04 07:09:04.191,1.72045,1.72063,1.45,1.00
2016.02.04 07:09:04.243,1.72044,1.72063,2.32,1.10
2016.02.04 07:09:04.331,1.72044,1.72063,1.50,1.87
2016.02.04 07:09:04.840,1.72041,1.72061,2.25,1.10
2016.02.04 07:09:05.148,1.72041,1.72061,1.95,1.12
2016.02.04 07:09:05.868,1.72041,1.7206,1.95,1.20
2016.02.04 07:09:06.072,1.72051,1.72066,1.00,1.00
2016.02.04 07:09:06.123,1.72053,1.72068,1.47,1.12
2016.02.04 07:09:06.428,1.72053,1.7207,1.47,1.37
2016.02.04 07:09:06.858,1.72053,1.7207,1.47,1.37
2016.02.04 07:09:07.629,1.7205,1.72069,1.12,1.87
2016.02.04 07:09:07.782,1.72047,1.72065,2.25,1.00
2016.02.04 07:09:07.884,1.72045,1.72063,1.50,1.50
2016.02.04 07:09:07.995,1.72045,1.72061,1.12,1.00
2016.02.04 07:09:08.201,1.72042,1.72061,1.12,2.25
2016.02.04 07:09:08.406,1.72038,1.72059,4.24,1.50
2016.02.04 07:09:08.508,1.72038,1.72058,3.12,1.12
2016.02.04 07:09:09.028,1.72037,1.72057,2.74,2.25
2016.02.04 07:09:09.840,1.72037,1.72056,2.74,1.00
2016.02.04 07:09:10.094,1.72037,1.72056,2.74,1.00
2016.02.04 07:09:10.254,1.72038,1.72056,1.24,1.00
2016.02.04 07:09:10.305,1.72038,1.72057,1.24,1.20
2016.02.04 07:09:10.814,1.72038,1.72057,1.99,1.57
2016.02.04 07:09:11.379,1.72037,1.72056,1.22,1.10
2016.02.04 07:09:12.893,1.72037,1.72055,1.69,1.00
2016.02.04 07:09:12.944,1.72037,1.72055,1.69,1.00
2016.02.04 07:09:13.452,1.72037,1.72056,1.69,1.10
2016.02.04 07:09:13.504,1.72038,1.72056,1.12,1.10
2016.02.04 07:09:13.808,1.72038,1.72056,1.12,1.10
2016.02.04 07:09:15.357,1.72038,1.72056,1.12,1.10
2016.02.04 07:09:17.433,1.72041,1.72058,1.75,1.87
2016.02.04 07:09:17.738,1.72052,1.72066,1.37,1.75
2016.02.04 07:09:17.790,1.72052,1.72066,1.50,1.37
2016.02.04 07:09:17.892,1.72053,1.72067,1.47,1.12
2016.02.04 07:09:18.407,1.72052,1.72069,1.57,1.75
2016.02.04 07:09:18.928,1.72053,1.72069,1.47,1.75
2016.02.04 07:09:19.284,1.72054,1.72071,1.50,1.37
2016.02.04 07:09:19.609,1.72055,1.72073,1.12,1.12
2016.02.04 07:09:20.068,1.72057,1.72073,2.25,1.12
2016.02.04 07:09:21.410,1.72057,1.72071,1.20,1.00
2016.02.04 07:09:26.154,1.72055,1.72071,1.12,1.00
2016.02.04 07:09:26.358,1.72056,1.72071,1.12,1.00
2016.02.04 07:09:26.479,1.72056,1.72073,1.50,1.00
2016.02.04 07:09:26.633,1.72058,1.72075,1.57,1.00
2016.02.04 07:09:27.158,1.72059,1.72075,1.12,1.00
2016.02.04 07:09:29.415,1.72059,1.72078,1.79,1.37
2016.02.04 07:09:29.553,1.7206,1.72079,1.57,1.37
2016.02.04 07:09:29.605,1.72061,1.72081,2.32,1.12
2016.02.04 07:09:29.961,1.72066,1.72082,1.22,1.00
2016.02.04 07:09:30.368,1.72064,1.7208,1.95,1.00
2016.02.04 07:09:30.419,1.72064,1.72079,1.20,1.00
2016.02.04 07:09:30.471,1.72062,1.72077,1.57,1.00
2016.02.04 07:09:30.522,1.72061,1.72077,1.12,1.00
2016.02.04 07:09:31.495,1.7206,1.72075,1.57,1.00
2016.02.04 07:09:31.749,1.7206,1.72075,1.20,1.00
2016.02.04 07:09:33.903,1.72059,1.72079,1.50,1.10
2016.02.04 07:09:34.704,1.72062,1.72081,1.00,1.57
2016.02.04 07:09:34.755,1.72064,1.72081,1.25,1.57
2016.02.04 07:09:34.908,1.72067,1.72086,1.47,2.25
2016.02.04 07:09:35.060,1.72068,1.72086,1.37,1.00
2016.02.04 07:09:35.852,1.72069,1.72087,1.07,1.57
2016.02.04 07:09:36.258,1.72068,1.72087,1.70,2.25
2016.02.04 07:09:36.726,1.72067,1.72084,1.00,1.00
2016.02.04 07:09:37.561,1.72067,1.72086,1.25,1.50
2016.02.04 07:09:39.918,1.72067,1.72087,1.44,3.75
2016.02.04 07:09:42.746,1.72067,1.72086,1.25,1.50
2016.02.04 07:09:43.754,1.72067,1.72086,1.19,1.50
2016.02.04 07:09:44.172,1.72067,1.72085,1.25,1.95
2016.02.04 07:09:45.166,1.72065,1.72084,1.20,1.12
2016.02.04 07:09:45.582,1.72065,1.72084,1.20,1.12
2016.02.04 07:09:46.141,1.72064,1.72084,1.95,1.50
2016.02.04 07:09:46.649,1.72064,1.72084,1.57,1.50
2016.02.04 07:09:49.472,1.72064,1.72084,2.06,1.50
2016.02.04 07:09:50.780,1.72064,1.72084,2.32,1.50
2016.02.04 07:09:51.913,1.72066,1.72084,1.37,1.50
2016.02.04 07:09:52.167,1.72068,1.72087,1.50,2.25
2016.02.04 07:09:52.269,1.72068,1.72087,1.50,1.20
2016.02.04 07:09:52.798,1.72068,1.72088,1.50,2.62
2016.02.04 07:09:53.052,1.72068,1.72085,1.50,1.00
2016.02.04 07:09:53.205,1.72067,1.72086,1.46,1.00
2016.02.04 07:09:53.307,1.72067,1.72085,1.09,1.12
2016.02.04 07:09:53.820,1.72066,1.72086,1.76,2.25
2016.02.04 07:09:54.361,1.72067,1.72086,1.20,1.87
2016.02.04 07:09:54.870,1.72067,1.72086,1.47,1.87
2016.02.04 07:09:55.022,1.7207,1.72088,1.44,2.70
2016.02.04 07:09:55.226,1.72071,1.72089,1.37,1.87
2016.02.04 07:09:55.328,1.72072,1.72089,1.37,1.37
2016.02.04 07:09:55.435,1.72073,1.72091,1.37,1.50
2016.02.04 07:09:55.588,1.72073,1.72092,1.37,2.02
2016.02.04 07:09:56.045,1.72072,1.72091,1.37,1.95
2016.02.04 07:09:56.198,1.7207,1.7209,1.95,1.85
2016.02.04 07:09:56.300,1.7207,1.7209,1.57,1.85
2016.02.04 07:09:56.723,1.72072,1.7209,1.37,1.85
2016.02.04 07:09:57.282,1.72072,1.72092,2.62,2.40
2016.02.04 07:09:57.434,1.72074,1.72092,1.19,1.95
2016.02.04 07:09:57.638,1.72071,1.72086,1.39,1.00
2016.02.04 07:09:58.159,1.72068,1.72086,1.87,1.50
2016.02.04 07:09:58.465,1.72069,1.72086,1.57,1.50
2016.02.04 07:09:58.974,1.7207,1.72086,1.57,1.00
2016.02.04 07:09:59.277,1.72072,1.7209,1.57,1.85
2016.02.04 07:09:59.379,1.72072,1.7209,1.57,1.85
2016.02.04 07:09:59.635,1.72073,1.72092,1.95,1.95
2016.02.04 07:09:59.686,1.72073,1.72092,2.32,1.57
2016.02.04 07:10:00.043,1.72074,1.72092,1.60,1.12
2016.02.04 07:10:00.566,1.72074,1.72091,1.60,1.00
2016.02.04 07:10:00.719,1.72073,1.72091,1.57,1.00
2016.02.04 07:10:00.821,1.72073,1.72091,1.57,1.00
2016.02.04 07:10:01.364,1.72074,1.72092,1.01,1.87
2016.02.04 07:10:05.063,1.72074,1.72091,1.01,1.00
2016.02.04 07:10:05.368,1.7208,1.72098,1.95,1.12
2016.02.04 07:10:05.673,1.72086,1.72097,1.00,1.00
2016.02.04 07:10:05.724,1.72082,1.72096,1.20,1.00
2016.02.04 07:10:05.827,1.72085,1.72102,1.25,1.87
2016.02.04 07:10:05.980,1.72085,1.72103,1.25,1.10
2016.02.04 07:10:06.337,1.72087,1.72104,1.00,1.45
2016.02.04 07:10:06.859,1.72087,1.72105,1.20,1.00
2016.02.04 07:10:07.164,1.72087,1.72105,2.70,1.00
2016.02.04 07:10:07.519,1.72093,1.72107,1.00,1.00
2016.02.04 07:10:07.621,1.72093,1.72109,1.00,1.10
2016.02.04 07:10:07.724,1.72094,1.72109,1.22,1.00
2016.02.04 07:10:08.171,1.72094,1.72111,1.39,1.00
2016.02.04 07:10:08.273,1.72094,1.72111,1.39,1.00
2016.02.04 07:10:08.578,1.72098,1.72114,1.47,1.37
2016.02.04 07:10:09.086,1.72098,1.72114,1.47,1.75
2016.02.04 07:10:09.289,1.72094,1.7211,1.12,1.00
2016.02.04 07:10:09.428,1.72093,1.7211,1.47,1.00
2016.02.04 07:10:09.531,1.72092,1.72106,1.12,1.00
2016.02.04 07:10:09.582,1.7209,1.72106,1.07,1.00
2016.02.04 07:10:10.495,1.7209,1.72104,1.07,1.00
2016.02.04 07:10:10.816,1.72087,1.72096,1.07,1.00
2016.02.04 07:10:10.970,1.72079,1.72092,1.12,1.00
2016.02.04 07:10:11.022,1.72077,1.7209,1.39,1.00
2016.02.04 07:10:11.073,1.72077,1.7209,1.01,1.00
2016.02.04 07:10:11.125,1.72074,1.72093,2.32,1.12
2016.02.04 07:10:11.938,1.72075,1.72094,1.57,1.57
2016.02.04 07:10:12.207,1.72073,1.72093,1.57,1.85
2016.02.04 07:10:12.563,1.72073,1.72092,2.32,1.75
2016.02.04 07:10:13.236,1.72073,1.7209,1.20,1.50
2016.02.04 07:10:13.699,1.72073,1.7209,1.47,1.50
2016.02.04 07:10:14.105,1.72073,1.7209,1.10,1.50
2016.02.04 07:10:14.565,1.72072,1.72086,1.20,1.00
2016.02.04 07:10:14.668,1.7207,1.72085,1.00,1.00
2016.02.04 07:10:14.719,1.7207,1.72083,1.00,1.00
2016.02.04 07:10:15.029,1.72064,1.72078,1.95,1.00
2016.02.04 07:10:15.513,1.72064,1.72081,1.95,1.00
2016.02.04 07:10:15.615,1.72064,1.72079,1.95,1.00
2016.02.04 07:10:15.667,1.72064,1.72083,1.95,1.57
2016.02.04 07:10:15.769,1.72064,1.72083,1.12,1.65
2016.02.04 07:10:15.972,1.72068,1.72083,1.00,1.50
2016.02.04 07:10:16.136,1.72063,1.7208,1.87,1.12
2016.02.04 07:10:16.289,1.72061,1.72079,1.95,1.37
2016.02.04 07:10:16.746,1.72063,1.72076,1.00,1.00
2016.02.04 07:10:16.899,1.72059,1.72074,1.00,1.00
2016.02.04 07:10:17.186,1.72056,1.72071,1.37,1.00
2016.02.04 07:10:17.493,1.72045,1.72061,2.76,1.00
2016.02.04 07:10:17.596,1.72045,1.72061,1.57,1.00
2016.02.04 07:10:17.901,1.72043,1.72061,1.57,1.00
2016.02.04 07:10:18.289,1.72041,1.7206,1.87,1.00
2016.02.04 07:10:18.899,1.72041,1.7206,1.37,2.25
2016.02.04 07:10:19.432,1.72041,1.7206,1.12,1.50
2016.02.04 07:10:19.940,1.72041,1.7206,1.87,1.00
2016.02.04 07:10:20.588,1.72041,1.7206,1.87,1.00
2016.02.04 07:10:21.137,1.72041,1.7206,1.87,1.00
2016.02.04 07:10:21.492,1.7205,1.72061,1.00,1.00
2016.02.04 07:10:21.543,1.72044,1.72061,1.00,1.00
2016.02.04 07:10:21.594,1.72046,1.72062,1.12,1.20
2016.02.04 07:10:21.696,1.7205,1.72069,1.95,1.00
2016.02.04 07:10:21.798,1.72051,1.72069,1.57,1.00
2016.02.04 07:10:21.849,1.72051,1.72071,2.02,1.12
2016.02.04 07:10:22.318,1.72051,1.72068,2.40,1.00
2016.02.04 07:10:22.522,1.72053,1.72071,1.12,1.00
2016.02.04 07:10:22.573,1.72051,1.72069,2.40,1.00
2016.02.04 07:10:24.120,1.72051,1.72067,1.12,1.00
2016.02.04 07:10:24.222,1.72051,1.72067,1.75,1.00
2016.02.04 07:10:24.356,1.72048,1.72063,1.87,1.00
2016.02.04 07:10:24.408,1.72048,1.72061,1.50,1.00
2016.02.04 07:10:24.511,1.72044,1.7206,1.12,1.00
2016.02.04 07:10:24.715,1.72042,1.72057,1.37,1.00
2016.02.04 07:10:24.919,1.72042,1.72056,1.25,1.47
2016.02.04 07:10:25.020,1.72042,1.72057,1.37,1.57
2016.02.04 07:10:25.278,1.72042,1.72059,1.37,1.00
2016.02.04 07:10:25.482,1.72042,1.72061,1.37,1.10
2016.02.04 07:10:25.892,1.72042,1.72061,1.12,1.10
2016.02.04 07:10:26.096,1.72045,1.72063,1.37,1.00
2016.02.04 07:10:26.611,1.72046,1.72065,1.37,1.50
2016.02.04 07:10:26.967,1.72046,1.72061,1.19,1.00
2016.02.04 07:10:27.121,1.72043,1.72062,1.37,2.62
2016.02.04 07:10:27.543,1.72046,1.72063,1.37,1.10
2016.02.04 07:10:28.217,1.72046,1.72063,1.12,1.00
2016.02.04 07:10:28.432,1.72048,1.72063,1.00,1.00
2016.02.04 07:10:28.973,1.72048,1.72066,1.00,3.52
2016.02.04 07:10:29.024,1.72048,1.72066,1.00,2.70
2016.02.04 07:10:29.176,1.72046,1.72064,1.57,1.00
2016.02.04 07:10:29.923,1.72046,1.72064,1.57,2.25
2016.02.04 07:10:30.229,1.72054,1.72067,1.12,1.00
2016.02.04 07:10:30.331,1.72059,1.72072,1.12,1.00
2016.02.04 07:10:30.433,1.72063,1.72077,1.37,1.75
2016.02.04 07:10:30.535,1.72062,1.7208,2.25,1.12
2016.02.04 07:10:30.587,1.72064,1.72081,1.20,1.37
2016.02.04 07:10:30.931,1.72078,1.72084,1.07,1.00
2016.02.04 07:10:31.033,1.72077,1.7209,1.20,1.00
2016.02.04 07:10:31.187,1.72074,1.7209,1.37,1.00
2016.02.04 07:10:31.239,1.72078,1.7209,1.37,1.00
2016.02.04 07:10:31.393,1.72078,1.72095,1.37,2.62
2016.02.04 07:10:31.445,1.72077,1.72092,1.50,1.00
2016.02.04 07:10:31.551,1.7208,1.72095,1.00,1.50
2016.02.04 07:10:31.603,1.72083,1.72099,1.50,1.37
2016.02.04 07:10:31.655,1.72086,1.72102,1.95,1.87
2016.02.04 07:10:31.757,1.7209,1.72105,1.10,1.37
2016.02.04 07:10:31.808,1.7209,1.72105,2.32,1.12
2016.02.04 07:10:31.910,1.72091,1.72108,1.47,1.50
2016.02.04 07:10:32.743,1.7209,1.72108,1.57,1.50
2016.02.04 07:10:33.200,1.7209,1.72106,1.57,1.00
2016.02.04 07:10:33.598,1.72087,1.72105,3.82,1.00
2016.02.04 07:10:34.118,1.72088,1.72103,1.95,1.00
2016.02.04 07:10:34.220,1.72088,1.72103,1.10,1.00
2016.02.04 07:10:34.271,1.72088,1.721,1.10,1.00
2016.02.04 07:10:34.373,1.72088,1.72106,1.00,1.50
2016.02.04 07:10:34.904,1.72088,1.72108,1.50,1.95
2016.02.04 07:10:35.057,1.72088,1.72103,1.00,1.00
2016.02.04 07:10:35.383,1.72088,1.72098,1.00,1.00
2016.02.04 07:10:35.638,1.72076,1.72093,1.12,1.00
2016.02.04 07:10:35.842,1.72074,1.72093,1.20,1.00
2016.02.04 07:10:36.045,1.72074,1.72093,1.20,1.00
2016.02.04 07:10:36.565,1.72075,1.7209,1.37,1.00
2016.02.04 07:10:36.870,1.72082,1.72095,1.00,1.95
2016.02.04 07:10:37.466,1.7208,1.72095,1.00,1.95
2016.02.04 07:10:37.618,1.72078,1.72095,1.00,1.45
2016.02.04 07:10:38.167,1.72078,1.72093,1.00,1.00
2016.02.04 07:10:38.623,1.72078,1.72093,1.00,2.25
2016.02.04 07:10:38.675,1.72072,1.72089,1.12,1.00
2016.02.04 07:10:39.671,1.72071,1.72086,1.39,1.00
2016.02.04 07:10:39.977,1.72078,1.72091,1.19,1.75
2016.02.04 07:10:40.028,1.72078,1.72097,1.56,1.75
2016.02.04 07:10:40.079,1.72079,1.72097,1.12,1.00
2016.02.04 07:10:40.220,1.7208,1.72097,1.12,1.10
2016.02.04 07:10:40.526,1.72078,1.72098,2.00,1.20
2016.02.04 07:10:41.034,1.72079,1.72098,1.50,1.00
2016.02.04 07:10:41.263,1.72079,1.72096,1.50,1.00
2016.02.04 07:10:41.569,1.72077,1.72094,1.12,1.00
2016.02.04 07:10:42.501,1.72076,1.72091,2.02,1.00
2016.02.04 07:10:42.806,1.72077,1.72093,1.37,1.00
2016.02.04 07:10:43.591,1.72078,1.72094,1.12,1.00
2016.02.04 07:10:44.112,1.72078,1.72094,1.65,1.00
2016.02.04 07:10:44.417,1.72079,1.72097,1.12,1.00
2016.02.04 07:10:45.029,1.72079,1.72094,1.10,1.00
2016.02.04 07:10:45.540,1.72077,1.72094,2.32,1.00
2016.02.04 07:10:45.946,1.72078,1.72094,1.57,1.00
2016.02.04 07:10:46.494,1.72082,1.72094,1.00,1.00
2016.02.04 07:10:46.547,1.72082,1.72096,1.12,1.00
2016.02.04 07:10:46.649,1.72083,1.72097,1.57,1.00
2016.02.04 07:10:46.751,1.72085,1.72099,1.50,1.00
2016.02.04 07:10:47.006,1.72085,1.72101,1.12,1.00
2016.02.04 07:10:47.328,1.72088,1.72104,1.87,1.00
2016.02.04 07:10:47.380,1.72088,1.72104,1.87,1.00
2016.02.04 07:10:47.635,1.7209,1.72107,1.95,1.00
2016.02.04 07:10:47.686,1.72091,1.72107,2.70,1.00
2016.02.04 07:10:48.244,1.72092,1.72107,1.37,1.00
2016.02.04 07:10:48.550,1.7209,1.72105,2.70,1.00
2016.02.04 07:10:48.653,1.72088,1.72104,2.32,1.00
2016.02.04 07:10:48.805,1.72088,1.72106,1.20,1.00
2016.02.04 07:10:49.315,1.72089,1.72105,1.10,1.00
2016.02.04 07:10:49.731,1.72091,1.72107,1.00,1.00
2016.02.04 07:10:50.037,1.7209,1.72105,1.47,1.00
2016.02.04 07:10:50.189,1.7209,1.72107,1.47,1.50
2016.02.04 07:10:50.494,1.72092,1.72111,1.82,1.00
2016.02.04 07:10:50.653,1.72094,1.72111,1.87,1.00
2016.02.04 07:10:51.469,1.72095,1.72109,1.00,1.00
2016.02.04 07:10:51.774,1.72089,1.72104,2.32,1.00
2016.02.04 07:10:51.825,1.72089,1.72106,1.95,1.00
2016.02.04 07:10:52.420,1.72088,1.72106,1.57,1.00
2016.02.04 07:10:52.726,1.72089,1.72104,1.47,1.00
2016.02.04 07:10:52.827,1.72089,1.72106,1.47,1.25
2016.02.04 07:10:53.335,1.72088,1.72106,1.37,1.25
2016.02.04 07:10:53.874,1.72089,1.72106,1.37,1.25
2016.02.04 07:10:54.385,1.72088,1.72105,1.57,1.00
2016.02.04 07:10:54.779,1.72087,1.72105,1.57,1.00
2016.02.04 07:10:55.287,1.72087,1.72105,1.57,1.00
2016.02.04 07:10:55.796,1.72086,1.72105,1.87,1.10
2016.02.04 07:10:55.847,1.72086,1.72102,1.87,1.00
2016.02.04 07:10:56.390,1.72086,1.72102,1.50,1.00
2016.02.04 07:10:57.001,1.72089,1.72102,1.00,1.00
2016.02.04 07:10:57.207,1.72089,1.72105,1.37,1.10
2016.02.04 07:10:57.475,1.72089,1.72107,1.50,1.20
2016.02.04 07:10:57.787,1.72093,1.72108,1.50,1.00
2016.02.04 07:10:57.838,1.72093,1.72111,1.75,1.12
2016.02.04 07:10:58.349,1.72092,1.72113,2.70,1.37
2016.02.04 07:10:58.856,1.72093,1.72113,1.87,1.12
2016.02.04 07:10:59.376,1.72093,1.72111,1.87,1.00
2016.02.04 07:10:59.884,1.72093,1.72111,1.12,1.00
2016.02.04 07:10:59.935,1.72093,1.7211,1.37,1.00
2016.02.04 07:10:59.987,1.72091,1.72108,2.25,1.00
2016.02.04 07:11:00.140,1.72089,1.72108,2.12,1.00
2016.02.04 07:11:00.545,1.72088,1.72107,1.37,1.00
2016.02.04 07:11:01.215,1.72089,1.72105,1.12,1.00
2016.02.04 07:11:01.728,1.72088,1.72106,1.12,1.12
2016.02.04 07:11:01.983,1.72085,1.72103,1.50,1.00
2016.02.04 07:11:02.085,1.72085,1.72103,1.56,1.37
2016.02.04 07:11:02.238,1.72085,1.72103,1.31,1.37
2016.02.04 07:11:02.747,1.72085,1.72103,1.31,1.37
2016.02.04 07:11:03.274,1.72085,1.72102,1.31,1.37
2016.02.04 07:11:03.833,1.72085,1.72102,1.12,1.12
2016.02.04 07:11:03.935,1.72085,1.72102,1.12,1.87
2016.02.04 07:11:04.138,1.72084,1.72101,1.00,1.12
2016.02.04 07:11:04.220,1.72084,1.721,1.37,1.00
2016.02.04 07:11:04.983,1.72083,1.721,1.50,1.00
2016.02.04 07:11:05.035,1.72083,1.721,1.12,1.00
2016.02.04 07:11:05.391,1.72083,1.72098,1.12,1.00
2016.02.04 07:11:05.698,1.72074,1.72093,1.75,1.47
2016.02.04 07:11:05.749,1.72073,1.72093,2.32,1.47
2016.02.04 07:11:05.851,1.72073,1.72092,1.12,1.69
2016.02.04 07:11:06.359,1.72073,1.72091,1.12,1.25
2016.02.04 07:11:07.379,1.72071,1.72089,1.37,1.00
2016.02.04 07:11:07.688,1.72069,1.72087,1.50,1.00
2016.02.04 07:11:07.994,1.72067,1.72085,1.12,1.00
2016.02.04 07:11:08.257,1.72066,1.72083,1.00,1.00
2016.02.04 07:11:08.413,1.72062,1.72083,2.70,1.62
2016.02.04 07:11:08.464,1.72061,1.7208,2.51,1.00
2016.02.04 07:11:08.973,1.72062,1.7208,1.00,1.12
2016.02.04 07:11:09.445,1.72062,1.72078,1.00,1.00
2016.02.04 07:11:09.757,1.72064,1.72081,1.47,1.00
2016.02.04 07:11:09.808,1.72064,1.72081,1.20,1.00
2016.02.04 07:11:09.973,1.72065,1.72084,1.00,1.56
2016.02.04 07:11:10.126,1.72067,1.72085,1.00,1.87
2016.02.04 07:11:10.539,1.72068,1.72085,1.00,1.69
2016.02.04 07:11:10.794,1.72066,1.72086,1.57,1.85
2016.02.04 07:11:11.201,1.72066,1.72086,1.57,1.47
2016.02.04 07:11:11.404,1.7207,1.72087,1.75,1.87
2016.02.04 07:11:11.503,1.72072,1.7209,1.75,1.50
2016.02.04 07:11:11.555,1.72077,1.72091,1.00,1.10
2016.02.04 07:11:11.658,1.72077,1.72096,1.50,1.37
2016.02.04 07:11:11.811,1.72079,1.72097,1.10,1.10
2016.02.04 07:11:11.913,1.72082,1.72101,1.00,2.62
2016.02.04 07:11:12.015,1.72082,1.72102,2.06,1.37
2016.02.04 07:11:12.333,1.72082,1.72103,2.06,1.65
2016.02.04 07:11:13.304,1.72082,1.72103,1.76,1.87
2016.02.04 07:11:13.659,1.72081,1.72099,1.87,1.00
2016.02.04 07:11:14.067,1.72082,1.72097,1.10,1.00
2016.02.04 07:11:14.731,1.72079,1.72097,2.40,1.00
2016.02.04 07:11:15.265,1.72083,1.72099,1.12,1.00
2016.02.04 07:11:15.469,1.72086,1.72104,1.37,1.37
2016.02.04 07:11:15.520,1.72088,1.72104,1.75,1.00
2016.02.04 07:11:15.622,1.72088,1.72104,1.12,1.00
2016.02.04 07:11:15.756,1.72088,1.72106,1.37,1.00
2016.02.04 07:11:16.012,1.72088,1.72104,1.87,1.00
2016.02.04 07:11:16.318,1.72088,1.72102,1.75,1.00
2016.02.04 07:11:16.855,1.72091,1.72109,1.19,3.00
2016.02.04 07:11:17.815,1.72092,1.72109,1.25,2.02
2016.02.04 07:11:18.172,1.7209,1.72107,1.12,1.00
2016.02.04 07:11:18.544,1.72084,1.72099,1.00,1.00
2016.02.04 07:11:19.079,1.72084,1.72098,1.00,1.10
2016.02.04 07:11:19.638,1.72082,1.72098,1.25,1.57
2016.02.04 07:11:19.740,1.72081,1.72097,1.00,1.47
2016.02.04 07:11:19.846,1.72079,1.72096,1.00,1.20
2016.02.04 07:11:20.151,1.72078,1.72093,1.00,1.00
2016.02.04 07:11:20.783,1.72076,1.72092,1.50,1.00
2016.02.04 07:11:21.332,1.72076,1.72092,1.25,1.00
2016.02.04 07:11:22.296,1.72076,1.72093,1.00,1.00
2016.02.04 07:11:22.703,1.72073,1.72091,1.44,1.00
2016.02.04 07:11:25.610,1.72073,1.72091,1.51,1.00
2016.02.04 07:11:26.055,1.72073,1.72091,1.57,1.00
2016.02.04 07:11:26.286,1.72073,1.72091,1.95,1.00
2016.02.04 07:11:26.794,1.72073,1.72091,1.87,1.37
2016.02.04 07:11:27.307,1.72073,1.72091,1.87,1.37
2016.02.04 07:11:27.486,1.72079,1.72092,1.00,1.47
2016.02.04 07:11:27.704,1.72082,1.72098,1.25,2.62
2016.02.04 07:11:27.807,1.72081,1.72098,1.69,1.12
2016.02.04 07:11:28.315,1.72081,1.72098,1.69,1.00
2016.02.04 07:11:29.723,1.72082,1.72097,1.62,1.00
2016.02.04 07:11:31.092,1.72078,1.72097,2.19,1.87
2016.02.04 07:11:31.637,1.72081,1.72097,1.94,1.87
2016.02.04 07:11:32.176,1.72081,1.72096,1.94,1.37
2016.02.04 07:11:32.487,1.72081,1.72097,1.94,1.12
2016.02.04 07:11:32.894,1.72081,1.72097,1.75,1.75
2016.02.04 07:11:33.634,1.72077,1.72092,1.75,1.44
2016.02.04 07:11:33.802,1.72073,1.7209,2.70,1.19
2016.02.04 07:11:33.853,1.72075,1.7209,1.00,1.37
2016.02.04 07:11:34.175,1.72075,1.72088,1.00,1.75
2016.02.04 07:11:37.283,1.72079,1.72093,1.00,2.25
2016.02.04 07:11:37.334,1.72081,1.72092,1.37,1.20
2016.02.04 07:11:37.436,1.72082,1.72101,1.87,1.44
2016.02.04 07:11:37.538,1.72085,1.72101,1.37,1.44
2016.02.04 07:11:38.095,1.72084,1.72102,2.25,1.37
2016.02.04 07:11:38.604,1.72084,1.72102,2.25,1.44
2016.02.04 07:11:39.920,1.72084,1.72101,1.75,1.19
2016.02.04 07:11:40.444,1.72084,1.72101,1.75,1.19
2016.02.04 07:11:40.889,1.72082,1.72099,1.87,1.37
2016.02.04 07:11:40.941,1.72079,1.72095,1.50,1.44
2016.02.04 07:11:41.043,1.72079,1.72095,1.00,1.37
2016.02.04 07:11:41.350,1.72074,1.72087,2.70,1.25
2016.02.04 07:11:41.402,1.72074,1.72087,1.57,1.25
2016.02.04 07:11:41.453,1.72071,1.72086,1.50,1.44
2016.02.04 07:11:41.962,1.72069,1.72086,1.75,1.44
2016.02.04 07:11:42.466,1.7207,1.72086,1.75,1.00
2016.02.04 07:11:42.974,1.7207,1.72086,1.75,1.19
2016.02.04 07:11:43.527,1.7207,1.72086,1.75,1.25
2016.02.04 07:11:46.204,1.7207,1.72088,2.25,1.37
2016.02.04 07:11:47.085,1.7207,1.72086,1.75,1.25
2016.02.04 07:11:47.592,1.7207,1.72086,1.75,1.19
2016.02.04 07:11:49.363,1.72069,1.72086,2.25,1.44
2016.02.04 07:11:49.466,1.7207,1.72086,1.00,1.44
2016.02.04 07:11:49.975,1.7207,1.72084,1.00,1.00
2016.02.04 07:11:50.719,1.7207,1.72084,1.00,1.50
2016.02.04 07:11:51.477,1.7207,1.72084,1.00,1.25
2016.02.04 07:11:51.935,1.7207,1.72084,1.00,1.37
2016.02.04 07:11:52.462,1.7207,1.72084,1.00,1.37
2016.02.04 07:11:54.876,1.72067,1.72081,2.25,1.25
2016.02.04 07:11:55.181,1.72062,1.72075,1.00,1.50
2016.02.04 07:11:55.373,1.72058,1.72076,2.70,1.07
2016.02.04 07:11:55.475,1.72056,1.72071,1.50,1.00
2016.02.04 07:11:55.780,1.72056,1.72073,1.12,1.20
2016.02.04 07:11:55.882,1.72052,1.7207,1.87,1.10
2016.02.04 07:11:56.137,1.7205,1.72068,1.00,3.07
2016.02.04 07:11:56.643,1.7205,1.72068,1.00,2.70
2016.02.04 07:11:57.354,1.72052,1.72068,1.00,1.95
2016.02.04 07:11:57.760,1.72052,1.7207,1.00,3.82
2016.02.04 07:11:59.966,1.72052,1.7207,1.00,3.37
2016.02.04 07:12:01.074,1.72052,1.7207,1.00,3.37
2016.02.04 07:12:01.579,1.72052,1.7207,1.00,4.12
2016.02.04 07:12:01.680,1.72049,1.72065,1.50,1.00
2016.02.04 07:12:04.056,1.72049,1.72063,1.50,1.00
2016.02.04 07:12:04.360,1.72042,1.72057,1.75,1.00
2016.02.04 07:12:04.462,1.72042,1.72057,1.12,1.00
2016.02.04 07:12:04.513,1.72042,1.72055,1.00,1.00
2016.02.04 07:12:04.756,1.72038,1.72053,1.00,1.00
2016.02.04 07:12:05.314,1.72038,1.72053,1.00,1.50
2016.02.04 07:12:06.192,1.72037,1.72053,1.00,1.19
2016.02.04 07:12:06.715,1.72036,1.72053,2.02,1.19
2016.02.04 07:12:07.016,1.72036,1.72053,2.02,1.75
2016.02.04 07:12:07.219,1.72038,1.72056,1.37,1.69
2016.02.04 07:12:07.388,1.72042,1.72058,1.50,1.44
2016.02.04 07:12:07.440,1.72045,1.7206,1.00,1.00
2016.02.04 07:12:07.491,1.72044,1.7206,1.47,1.00
2016.02.04 07:12:07.796,1.72047,1.72062,1.95,1.44
2016.02.04 07:12:08.305,1.72048,1.72064,1.85,1.00
2016.02.04 07:12:08.984,1.72048,1.72064,1.57,1.44
2016.02.04 07:12:09.627,1.72048,1.72064,1.85,1.00
2016.02.04 07:12:11.179,1.72048,1.72064,1.85,1.44
2016.02.04 07:12:11.745,1.7205,1.72061,1.00,1.00
2016.02.04 07:12:11.898,1.72044,1.7206,1.50,1.25
2016.02.04 07:12:11.949,1.72043,1.7206,1.12,1.44
2016.02.04 07:12:12.102,1.72043,1.72057,1.00,1.00
2016.02.04 07:12:12.612,1.72042,1.72054,1.00,1.00
2016.02.04 07:12:12.818,1.72039,1.72054,1.00,1.19
2016.02.04 07:12:13.034,1.72038,1.72054,1.95,1.50
2016.02.04 07:12:13.288,1.72037,1.72051,1.12,1.44
2016.02.04 07:12:13.802,1.72035,1.72051,1.95,1.44
2016.02.04 07:12:14.372,1.72035,1.72051,1.37,1.25
2016.02.04 07:12:14.626,1.72035,1.72051,1.10,1.25
2016.02.04 07:12:15.031,1.72034,1.72051,2.25,1.50
2016.02.04 07:12:15.590,1.72034,1.72051,2.62,1.50
2016.02.04 07:12:15.900,1.72039,1.72051,1.00,1.50
2016.02.04 07:12:16.429,1.7204,1.7205,1.00,1.19
2016.02.04 07:12:16.733,1.72042,1.7205,1.00,1.19
2016.02.04 07:12:16.987,1.72039,1.7205,1.00,1.19
2016.02.04 07:12:17.499,1.72039,1.7205,1.00,1.25
2016.02.04 07:12:19.012,1.72039,1.72052,1.00,1.25
2016.02.04 07:12:19.470,1.72045,1.72056,1.00,1.50
2016.02.04 07:12:19.521,1.72046,1.72059,1.00,1.87
2016.02.04 07:12:19.624,1.72047,1.7206,1.00,1.00
2016.02.04 07:12:19.944,1.72048,1.72063,1.87,1.00
2016.02.04 07:12:19.996,1.72052,1.72063,1.00,1.00
2016.02.04 07:12:20.419,1.72052,1.72066,1.00,1.87
2016.02.04 07:12:20.522,1.72055,1.72066,1.00,1.50
2016.02.04 07:12:20.624,1.72051,1.72066,1.57,1.00
2016.02.04 07:12:20.675,1.72051,1.72064,1.57,1.00
2016.02.04 07:12:21.614,1.72053,1.72066,1.00,1.00
2016.02.04 07:12:21.818,1.72052,1.72068,1.50,1.00
2016.02.04 07:12:21.971,1.72054,1.72068,1.00,1.00
2016.02.04 07:12:22.474,1.72054,1.72069,1.87,1.25
2016.02.04 07:12:25.828,1.72054,1.72069,1.00,1.00
2016.02.04 07:12:26.742,1.72054,1.72069,1.37,1.00
2016.02.04 07:12:27.386,1.72054,1.7207,1.37,1.25
2016.02.04 07:12:27.887,1.72052,1.7207,1.95,1.19
2016.02.04 07:12:28.040,1.72055,1.72073,2.32,1.10
2016.02.04 07:12:28.246,1.72058,1.72073,2.00,1.00
2016.02.04 07:12:28.348,1.72059,1.72076,1.50,1.12
2016.02.04 07:12:28.501,1.72062,1.72076,1.00,1.00
2016.02.04 07:12:28.605,1.7206,1.72076,1.20,1.25
2016.02.04 07:12:29.216,1.72068,1.72083,1.00,3.00
2016.02.04 07:12:29.318,1.72071,1.72088,1.00,1.00
2016.02.04 07:12:29.369,1.72073,1.72089,1.00,1.50
2016.02.04 07:12:29.838,1.72072,1.72087,1.95,1.00
2016.02.04 07:12:30.143,1.7207,1.72085,2.25,1.00
2016.02.04 07:12:30.660,1.7207,1.72084,1.12,1.00
2016.02.04 07:12:30.762,1.72068,1.72082,1.87,1.00
2016.02.04 07:12:31.288,1.72068,1.72081,1.37,1.00
2016.02.04 07:12:31.339,1.72066,1.72081,1.12,1.00
2016.02.04 07:12:31.847,1.72065,1.72081,1.57,1.00
2016.02.04 07:12:34.446,1.72064,1.7208,2.32,1.00
2016.02.04 07:12:34.711,1.72064,1.72078,1.95,1.00
2016.02.04 07:12:38.737,1.72067,1.72084,1.75,2.25
2016.02.04 07:12:38.789,1.72067,1.72084,1.75,1.87
2016.02.04 07:12:38.840,1.72074,1.72084,1.00,1.00
2016.02.04 07:12:38.950,1.72069,1.72088,1.12,1.00
2016.02.04 07:12:39.052,1.72072,1.72089,1.75,1.25
2016.02.04 07:12:39.307,1.72075,1.72091,1.00,1.00
2016.02.04 07:12:39.840,1.72075,1.72091,1.57,1.00
2016.02.04 07:12:40.364,1.72075,1.72093,1.57,1.44
2016.02.04 07:12:42.715,1.72075,1.72093,1.57,1.37
2016.02.04 07:12:44.667,1.72077,1.72094,1.00,1.37
2016.02.04 07:12:44.718,1.72077,1.72094,1.00,1.00
2016.02.04 07:12:44.769,1.72077,1.72094,1.75,1.00
2016.02.04 07:12:45.277,1.72077,1.72096,1.85,1.18
2016.02.04 07:12:45.611,1.72076,1.72092,1.12,1.43
2016.02.04 07:12:45.764,1.72076,1.72092,1.10,1.43
2016.02.04 07:12:45.816,1.72076,1.72092,1.10,1.00
2016.02.04 07:12:46.424,1.72076,1.72095,1.10,1.31
2016.02.04 07:12:46.939,1.72076,1.72095,1.87,1.49
2016.02.04 07:12:48.054,1.72082,1.72095,1.00,1.43
2016.02.04 07:12:48.472,1.7208,1.72095,1.12,1.24
2016.02.04 07:12:48.981,1.72078,1.72095,1.27,1.43
2016.02.04 07:12:49.489,1.72079,1.72095,1.00,1.43
2016.02.04 07:12:50.196,1.72079,1.72095,1.00,1.43
2016.02.04 07:12:51.894,1.72077,1.72095,1.50,1.24
2016.02.04 07:12:52.452,1.72077,1.72093,1.50,1.00
2016.02.04 07:12:53.406,1.72077,1.72093,1.12,1.44
2016.02.04 07:12:53.813,1.72075,1.72093,1.95,1.25
2016.02.04 07:12:53.865,1.72075,1.72091,1.45,1.25
2016.02.04 07:12:54.328,1.72072,1.72091,1.57,1.44
2016.02.04 07:12:54.788,1.72072,1.72087,1.85,1.00
2016.02.04 07:12:54.941,1.72071,1.72087,1.50,1.44
2016.02.04 07:12:55.450,1.72071,1.72088,1.12,1.87
2016.02.04 07:12:56.168,1.72071,1.72088,1.12,1.25
2016.02.04 07:12:56.270,1.72072,1.72089,1.57,1.19
2016.02.04 07:12:56.827,1.72076,1.72091,1.00,2.25
2016.02.04 07:12:56.980,1.72086,1.721,1.00,1.00
2016.02.04 07:12:57.069,1.72086,1.72104,1.57,1.25
2016.02.04 07:12:57.121,1.72088,1.72104,1.12,1.00
2016.02.04 07:12:57.933,1.72089,1.72105,1.95,1.00
2016.02.04 07:12:59.666,1.72092,1.72107,1.00,1.37
2016.02.04 07:12:59.768,1.72094,1.7211,2.32,1.44
2016.02.04 07:12:59.820,1.72096,1.72113,1.00,1.87
2016.02.04 07:13:00.024,1.72102,1.72116,1.50,1.19
2016.02.04 07:13:01.200,1.72102,1.72116,1.00,1.25
2016.02.04 07:13:01.404,1.721,1.72116,1.20,1.25
2016.02.04 07:13:04.459,1.721,1.72115,1.20,1.00
2016.02.04 07:13:04.713,1.72098,1.72113,1.75,1.00
2016.02.04 07:13:05.040,1.72096,1.72113,1.20,1.50
2016.02.04 07:13:05.247,1.72095,1.72112,1.12,1.37
2016.02.04 07:13:05.603,1.72092,1.72111,3.00,1.44
2016.02.04 07:13:06.121,1.72092,1.72111,3.00,1.25
2016.02.04 07:13:06.477,1.72094,1.72111,1.87,1.25
2016.02.04 07:13:06.986,1.72094,1.7211,1.50,1.00
2016.02.04 07:13:08.905,1.72095,1.72107,1.10,1.00
2016.02.04 07:13:09.109,1.72091,1.72107,1.50,1.00
2016.02.04 07:13:09.615,1.72093,1.72107,1.00,1.00
2016.02.04 07:13:09.870,1.72091,1.72107,1.20,1.00
2016.02.04 07:13:10.022,1.7209,1.72105,1.45,1.25
2016.02.04 07:13:10.338,1.72087,1.72101,1.87,1.00
2016.02.04 07:13:10.441,1.72086,1.72101,1.57,1.00
2016.02.04 07:13:10.646,1.72084,1.72101,1.45,1.00
2016.02.04 07:13:11.157,1.72085,1.72102,1.20,1.25
2016.02.04 07:13:11.730,1.72085,1.72102,1.57,1.25
2016.02.04 07:13:11.781,1.72086,1.72102,1.57,1.25
2016.02.04 07:13:12.544,1.72088,1.72102,1.50,1.00
2016.02.04 07:13:12.646,1.72088,1.72104,1.50,1.12
2016.02.04 07:13:13.173,1.72088,1.72105,1.12,1.00
2016.02.04 07:13:13.803,1.72088,1.72103,1.50,1.00
2016.02.04 07:13:17.940,1.72092,1.72107,1.00,1.69
2016.02.04 07:13:17.992,1.72096,1.72107,1.00,1.69
2016.02.04 07:13:18.045,1.721,1.72113,1.00,1.00
2016.02.04 07:13:18.097,1.721,1.72115,1.00,1.00
2016.02.04 07:13:18.148,1.72103,1.72115,1.00,1.00
2016.02.04 07:13:18.199,1.72103,1.72118,1.00,1.95
2016.02.04 07:13:18.352,1.72102,1.7212,1.50,1.25
2016.02.04 07:13:18.403,1.72111,1.72121,1.00,1.69
2016.02.04 07:13:18.507,1.72107,1.72122,1.00,1.31
2016.02.04 07:13:18.609,1.72109,1.72124,1.00,1.62
2016.02.04 07:13:18.971,1.72112,1.72125,1.00,2.06
2016.02.04 07:13:19.023,1.72108,1.72124,1.00,1.62
2016.02.04 07:13:19.125,1.72111,1.72124,1.00,1.62
2016.02.04 07:13:19.227,1.72108,1.72124,1.00,2.06
2016.02.04 07:13:19.329,1.72108,1.72124,1.00,1.25
2016.02.04 07:13:19.838,1.72109,1.72124,1.00,1.25
2016.02.04 07:13:20.188,1.72111,1.72124,1.00,1.25
2016.02.04 07:13:20.494,1.72111,1.72122,1.00,1.00
2016.02.04 07:13:20.698,1.72112,1.72124,1.00,1.00
2016.02.04 07:13:20.749,1.72106,1.72124,1.50,1.00
2016.02.04 07:13:20.800,1.72106,1.72124,1.50,1.00
2016.02.04 07:13:20.902,1.72106,1.72124,1.50,1.00
2016.02.04 07:13:21.004,1.72106,1.72121,1.12,1.00
2016.02.04 07:13:23.901,1.72105,1.7212,1.75,1.00
2016.02.04 07:13:25.289,1.72104,1.7212,1.12,1.00
2016.02.04 07:13:26.769,1.72104,1.72118,1.45,1.00
2016.02.04 07:13:27.731,1.72101,1.72118,1.20,1.00
2016.02.04 07:13:28.944,1.72101,1.72118,1.47,1.19
2016.02.04 07:13:29.919,1.72101,1.72118,1.47,1.00
2016.02.04 07:13:31.018,1.72101,1.72118,1.47,1.19
2016.02.04 07:13:31.273,1.72101,1.7212,1.95,1.25
2016.02.04 07:13:31.800,1.72101,1.7212,2.32,1.19
2016.02.04 07:13:32.005,1.72101,1.7212,2.32,1.37
2016.02.04 07:13:32.673,1.72101,1.72117,1.57,1.19
2016.02.04 07:13:33.184,1.72101,1.72117,1.57,1.25
2016.02.04 07:13:33.539,1.72101,1.72117,1.10,1.25
2016.02.04 07:13:34.854,1.72101,1.72117,1.10,1.44
2016.02.04 07:13:35.314,1.721,1.7212,1.45,1.50
2016.02.04 07:13:35.747,1.72101,1.7212,1.10,1.25
2016.02.04 07:13:36.255,1.72101,1.7212,1.10,1.44
2016.02.04 07:13:37.609,1.721,1.7212,1.45,1.50
2016.02.04 07:13:38.122,1.72101,1.7212,1.20,1.87
2016.02.04 07:13:39.808,1.72099,1.72118,3.75,1.50
2016.02.04 07:13:41.702,1.721,1.72118,1.07,1.00
2016.02.04 07:13:42.420,1.72101,1.72118,1.47,1.00
2016.02.04 07:13:42.949,1.72102,1.72118,1.12,1.25
2016.02.04 07:13:43.254,1.72102,1.72116,1.12,1.00
2016.02.04 07:13:43.388,1.721,1.72116,1.87,1.00
2016.02.04 07:13:44.865,1.72099,1.72113,2.70,1.00
2016.02.04 07:13:45.323,1.72098,1.72113,1.47,1.00
2016.02.04 07:13:45.532,1.72098,1.72115,1.47,1.00
2016.02.04 07:13:45.583,1.72098,1.72117,1.20,1.00
2016.02.04 07:13:46.100,1.72099,1.72117,1.00,1.00
2016.02.04 07:13:46.605,1.72098,1.72117,1.95,1.00
2016.02.04 07:13:46.859,1.721,1.72117,1.50,1.00
2016.02.04 07:13:47.368,1.721,1.72117,1.50,1.19
2016.02.04 07:13:47.882,1.721,1.72117,1.50,1.25
2016.02.04 07:13:48.389,1.721,1.72117,2.25,1.19
2016.02.04 07:13:48.899,1.72101,1.72117,1.07,1.00
2016.02.04 07:13:49.425,1.72101,1.72116,1.07,1.00
2016.02.04 07:13:50.035,1.721,1.72113,1.12,1.00
2016.02.04 07:13:50.137,1.72098,1.72113,1.87,1.00
2016.02.04 07:13:50.839,1.72099,1.72116,1.27,1.44
2016.02.04 07:13:50.942,1.72099,1.72117,1.20,1.00
2016.02.04 07:13:50.993,1.72102,1.72117,1.00,1.00
2016.02.04 07:13:51.354,1.721,1.72114,1.57,1.00
2016.02.04 07:13:51.872,1.72099,1.72114,3.00,1.00
2016.02.04 07:13:52.330,1.72099,1.72112,2.25,1.00
2016.02.04 07:13:52.534,1.72097,1.72112,1.57,1.00
2016.02.04 07:13:52.737,1.72096,1.7211,1.20,1.00
2016.02.04 07:13:53.042,1.72094,1.72108,1.12,1.00
2016.02.04 07:13:53.093,1.72093,1.72108,2.70,1.00
2016.02.04 07:13:53.462,1.72093,1.72106,1.95,1.00
2016.02.04 07:13:53.565,1.72092,1.72111,1.57,1.37
2016.02.04 07:13:53.616,1.72101,1.72115,2.62,1.57
2016.02.04 07:13:53.668,1.72102,1.72115,2.25,1.12
2016.02.04 07:13:53.721,1.72102,1.7212,2.25,1.25
2016.02.04 07:13:53.773,1.72102,1.72122,2.25,1.37
2016.02.04 07:13:53.876,1.72103,1.72123,1.27,1.12
2016.02.04 07:13:54.029,1.72102,1.72123,2.62,1.50
2016.02.04 07:13:54.367,1.72102,1.72121,1.45,1.44
2016.02.04 07:13:57.277,1.72101,1.72118,1.85,1.00
2016.02.04 07:13:57.583,1.72095,1.72111,3.37,1.00
2016.02.04 07:13:57.737,1.72095,1.72111,1.20,1.12
2016.02.04 07:13:57.941,1.72095,1.72109,1.20,1.00
2016.02.04 07:13:58.399,1.72095,1.72109,1.10,1.16
2016.02.04 07:13:58.761,1.72095,1.72107,1.00,1.04
2016.02.04 07:14:00.070,1.72095,1.72104,1.00,1.04
2016.02.04 07:14:01.159,1.72097,1.72104,1.00,1.04
2016.02.04 07:14:01.680,1.72098,1.72104,1.00,1.05
2016.02.04 07:14:01.836,1.72092,1.72104,1.00,1.05
2016.02.04 07:14:02.343,1.7209,1.72104,1.87,1.05
2016.02.04 07:14:06.462,1.72089,1.72104,1.47,1.04
2016.02.04 07:14:07.056,1.72093,1.72109,1.10,1.04
2016.02.04 07:14:07.108,1.72097,1.72109,1.00,1.04
2016.02.04 07:14:07.210,1.72096,1.7211,1.00,1.05
2016.02.04 07:14:07.565,1.72097,1.72114,1.95,1.05
2016.02.04 07:14:07.616,1.72104,1.72114,1.00,1.05
2016.02.04 07:14:07.668,1.72104,1.72117,1.00,1.00
2016.02.04 07:14:07.719,1.72106,1.72118,1.00,1.16
2016.02.04 07:14:07.922,1.72107,1.7212,1.00,1.00
2016.02.04 07:14:08.241,1.72109,1.7212,1.00,1.25
2016.02.04 07:14:08.446,1.72105,1.72121,1.85,1.00
2016.02.04 07:14:08.650,1.72105,1.72121,1.12,1.00
2016.02.04 07:14:08.854,1.72107,1.7212,1.00,1.00
2016.02.04 07:14:09.169,1.72104,1.7212,2.02,1.00
2016.02.04 07:14:09.527,1.72108,1.7212,1.00,1.00
2016.02.04 07:14:10.397,1.72109,1.7212,1.00,1.00
2016.02.04 07:14:10.955,1.72109,1.72125,1.00,1.50
2016.02.04 07:14:11.006,1.72109,1.72124,1.75,1.00
2016.02.04 07:14:11.058,1.72115,1.72127,1.00,1.00
2016.02.04 07:14:11.109,1.72117,1.72128,1.00,1.87
2016.02.04 07:14:11.313,1.72115,1.72131,1.75,1.00
2016.02.04 07:14:11.671,1.72115,1.72134,2.25,1.00
2016.02.04 07:14:12.536,1.72122,1.72134,1.00,1.00
2016.02.04 07:14:12.739,1.72116,1.72134,1.95,1.00
2016.02.04 07:14:14.502,1.7212,1.72136,1.12,2.25
2016.02.04 07:14:14.808,1.72128,1.72139,1.00,1.00
2016.02.04 07:14:14.859,1.72126,1.72139,1.12,1.00
2016.02.04 07:14:15.374,1.72126,1.72138,1.12,1.00
2016.02.04 07:14:16.200,1.72124,1.72137,1.50,1.00
2016.02.04 07:14:16.302,1.72122,1.72134,2.32,1.00
2016.02.04 07:14:16.354,1.72122,1.72136,1.85,1.01
2016.02.04 07:14:16.631,1.72122,1.72137,2.25,1.00
2016.02.04 07:14:16.684,1.72122,1.72139,2.25,1.01
2016.02.04 07:14:16.888,1.72126,1.72139,1.00,1.00
2016.02.04 07:14:17.194,1.72126,1.72142,1.00,1.00
2016.02.04 07:14:17.296,1.72128,1.72142,1.00,1.00
2016.02.04 07:14:17.931,1.72136,1.72142,1.00,1.50
2016.02.04 07:14:17.985,1.72144,1.72149,1.00,1.00
2016.02.04 07:14:18.037,1.72144,1.72151,1.00,1.00
2016.02.04 07:14:18.089,1.72152,1.72157,1.00,1.00
2016.02.04 07:14:18.142,1.72155,1.72161,1.00,1.00
2016.02.04 07:14:18.194,1.72159,1.72164,1.00,1.00
2016.02.04 07:14:18.253,1.72161,1.72166,1.00,1.12
2016.02.04 07:14:18.407,1.7217,1.72181,1.00,1.37
2016.02.04 07:14:18.458,1.72175,1.72181,1.00,1.00
2016.02.04 07:14:18.664,1.72181,1.72193,1.00,1.75
2016.02.04 07:14:18.716,1.72184,1.72197,1.00,1.85
2016.02.04 07:14:18.920,1.72181,1.72199,1.00,1.27
2016.02.04 07:14:18.971,1.72179,1.72197,1.00,1.95
2016.02.04 07:14:19.124,1.72177,1.72195,1.00,1.75
2016.02.04 07:14:19.227,1.72175,1.72193,1.00,1.00
2016.02.04 07:14:19.851,1.72175,1.72196,1.57,1.95
2016.02.04 07:14:19.903,1.72177,1.72197,1.00,2.32
2016.02.04 07:14:20.412,1.72177,1.72197,1.95,1.00
2016.02.04 07:14:20.616,1.72177,1.72199,1.95,1.00
2016.02.04 07:14:21.127,1.72177,1.72198,1.20,1.00
2016.02.04 07:14:21.533,1.72187,1.722,1.00,2.32
2016.02.04 07:14:21.737,1.72191,1.72204,1.00,1.50
2016.02.04 07:14:21.941,1.72188,1.72204,1.00,1.00
2016.02.04 07:14:22.150,1.72185,1.72205,1.57,1.00
2016.02.04 07:14:22.710,1.72181,1.72205,1.87,1.20
2016.02.04 07:14:23.246,1.72188,1.72205,1.00,1.20
2016.02.04 07:14:23.652,1.72192,1.72205,1.00,1.20
2016.02.04 07:14:23.805,1.72193,1.72211,1.00,1.37
2016.02.04 07:14:24.059,1.72197,1.72211,1.00,1.87
2016.02.04 07:14:24.111,1.72197,1.72216,1.00,2.25
2016.02.04 07:14:24.162,1.72197,1.72216,1.00,1.12
2016.02.04 07:14:24.709,1.72195,1.72213,1.12,1.00
2016.02.04 07:14:25.014,1.72192,1.72213,1.57,1.50
2016.02.04 07:14:25.116,1.72191,1.7221,2.25,1.00
2016.02.04 07:14:25.269,1.72189,1.72209,3.00,1.00
2016.02.04 07:14:25.422,1.72189,1.72206,1.12,1.37
2016.02.04 07:14:25.474,1.72184,1.72206,1.00,1.37
2016.02.04 07:14:25.525,1.72184,1.72208,1.37,1.00
2016.02.04 07:14:25.626,1.7219,1.72209,1.00,1.00
2016.02.04 07:14:25.932,1.72192,1.72211,1.00,1.00
2016.02.04 07:14:26.254,1.72197,1.72216,2.25,1.37
2016.02.04 07:14:26.766,1.72198,1.72217,1.20,1.37
2016.02.04 07:14:27.277,1.72198,1.72216,1.57,1.00
2016.02.04 07:14:27.827,1.722,1.72216,1.00,1.00
2016.02.04 07:14:28.330,1.72201,1.72216,1.00,1.00
2016.02.04 07:14:28.637,1.72205,1.72224,2.25,1.12
2016.02.04 07:14:28.739,1.72208,1.72223,1.87,1.00
2016.02.04 07:14:28.841,1.7221,1.72228,1.10,1.50
2016.02.04 07:14:29.160,1.72208,1.72228,1.87,1.75
2016.02.04 07:14:29.211,1.72208,1.72225,1.87,1.21
2016.02.04 07:14:29.314,1.72206,1.72225,1.57,1.09
2016.02.04 07:14:29.416,1.72203,1.72225,1.12,1.09
2016.02.04 07:14:29.518,1.72203,1.72221,1.45,1.00
2016.02.04 07:14:30.026,1.72202,1.72221,1.57,1.00
2016.02.04 07:14:30.572,1.72202,1.7222,2.32,1.00
2016.02.04 07:14:30.938,1.72204,1.72226,1.00,3.00
2016.02.04 07:14:31.445,1.72204,1.72225,1.12,2.32
2016.02.04 07:14:31.953,1.72204,1.72226,1.00,3.00
2016.02.04 07:14:32.797,1.72205,1.72226,1.00,3.00
2016.02.04 07:14:33.045,1.72207,1.72226,1.00,1.00
2016.02.04 07:14:33.771,1.72206,1.72226,1.00,1.00
2016.02.04 07:14:33.872,1.72204,1.72226,1.20,1.00
2016.02.04 07:14:34.387,1.72204,1.72225,1.27,1.00
2016.02.04 07:14:34.955,1.72204,1.72226,1.20,1.00
2016.02.04 07:14:35.475,1.72204,1.72225,1.27,1.00
2016.02.04 07:14:36.219,1.72204,1.72226,1.20,1.00
2016.02.04 07:14:36.372,1.72204,1.72228,2.44,1.87
2016.02.04 07:14:36.699,1.72218,1.72233,1.00,1.37
2016.02.04 07:14:36.753,1.72219,1.7224,1.10,1.21
2016.02.04 07:14:36.804,1.72223,1.72241,1.00,2.62
2016.02.04 07:14:36.906,1.72219,1.7224,1.12,1.00
2016.02.04 07:14:37.059,1.7222,1.72242,1.57,1.20
2016.02.04 07:14:37.621,1.72219,1.72242,1.20,1.29
2016.02.04 07:14:37.949,1.72219,1.7224,1.20,1.00
2016.02.04 07:14:38.460,1.72219,1.72242,1.20,1.29
2016.02.04 07:14:38.771,1.72218,1.72239,1.20,1.10
2016.02.04 07:14:39.440,1.72218,1.72239,1.47,1.95
2016.02.04 07:14:40.055,1.72218,1.72239,1.95,1.20
2016.02.04 07:14:40.360,1.72221,1.72239,1.00,1.12
2016.02.04 07:14:40.980,1.72219,1.7224,1.65,1.78
2016.02.04 07:14:41.487,1.72219,1.72239,1.27,1.34
2016.02.04 07:14:42.323,1.7222,1.72239,1.00,1.34
2016.02.04 07:14:42.426,1.72225,1.72241,1.00,1.00
2016.02.04 07:14:42.529,1.72226,1.72244,1.10,1.00
2016.02.04 07:14:43.053,1.72225,1.72245,3.37,1.12
2016.02.04 07:14:43.576,1.72224,1.72245,1.37,1.12
2016.02.04 07:14:43.628,1.72222,1.72245,3.07,1.12
2016.02.04 07:14:43.730,1.72222,1.72245,3.07,1.28
2016.02.04 07:14:44.244,1.72222,1.72245,3.07,1.28
2016.02.04 07:14:44.758,1.72222,1.72245,2.32,1.28
2016.02.04 07:14:45.198,1.72228,1.72246,1.50,1.48
2016.02.04 07:14:45.404,1.72232,1.72252,1.87,1.12
2016.02.04 07:14:45.811,1.72237,1.72254,1.00,1.58
2016.02.04 07:14:46.225,1.7224,1.72254,1.00,1.27
2016.02.04 07:14:46.276,1.7224,1.72256,1.00,1.48
2016.02.04 07:14:46.329,1.72236,1.72256,2.25,1.48
2016.02.04 07:14:46.534,1.7224,1.72258,1.00,1.75
2016.02.04 07:14:46.849,1.72249,1.7227,2.44,1.50
2016.02.04 07:14:46.901,1.72249,1.7227,2.06,1.50
2016.02.04 07:14:47.359,1.7225,1.72268,1.10,1.12
2016.02.04 07:14:47.844,1.72248,1.72264,3.75,1.00
2016.02.04 07:14:47.897,1.72248,1.72263,1.57,1.00
2016.02.04 07:14:48.608,1.72248,1.72259,1.00,1.00
2016.02.04 07:14:48.760,1.72241,1.72258,1.12,1.00
2016.02.04 07:14:48.812,1.72239,1.72255,1.12,1.00
2016.02.04 07:14:48.864,1.72237,1.72255,1.87,1.00
2016.02.04 07:14:48.978,1.72239,1.72253,1.00,1.00
2016.02.04 07:14:49.134,1.72236,1.72249,1.82,1.00
2016.02.04 07:14:49.440,1.72233,1.72247,1.12,1.00
2016.02.04 07:14:49.593,1.7223,1.72247,1.45,1.00
2016.02.04 07:14:50.094,1.72228,1.72245,2.25,1.00
2016.02.04 07:14:50.196,1.72226,1.72243,2.70,1.00
2016.02.04 07:14:50.299,1.72226,1.72243,2.32,1.00
2016.02.04 07:14:50.961,1.72226,1.72244,1.10,1.00
2016.02.04 07:14:51.062,1.72229,1.72244,1.00,1.00
2016.02.04 07:14:51.571,1.72226,1.72245,2.32,1.00
2016.02.04 07:14:51.674,1.72228,1.72248,1.50,1.69
2016.02.04 07:14:52.295,1.72229,1.72248,1.00,1.50
2016.02.04 07:14:52.703,1.72232,1.72246,1.00,1.12
2016.02.04 07:14:52.755,1.72232,1.72247,1.00,1.20
2016.02.04 07:14:52.958,1.72232,1.72249,1.00,1.00
2016.02.04 07:14:53.162,1.72235,1.72251,1.00,2.40
2016.02.04 07:14:53.496,1.72244,1.72263,1.37,1.12
2016.02.04 07:14:53.903,1.72242,1.72262,2.44,1.37
2016.02.04 07:14:54.412,1.7224,1.72259,1.50,1.00
2016.02.04 07:14:54.575,1.72237,1.72257,2.51,1.00
2016.02.04 07:14:54.627,1.72242,1.7226,1.00,1.45
2016.02.04 07:14:54.678,1.72239,1.72259,1.87,1.47
2016.02.04 07:14:54.729,1.72242,1.72262,1.62,1.75
2016.02.04 07:14:54.780,1.72245,1.72265,1.50,2.32
2016.02.04 07:14:54.985,1.72243,1.72262,1.20,1.00
2016.02.04 07:14:55.290,1.72243,1.7226,1.01,1.00
2016.02.04 07:14:55.812,1.7224,1.7226,1.01,1.00
2016.02.04 07:14:56.118,1.72239,1.72258,1.20,1.00
2016.02.04 07:14:56.220,1.7224,1.72258,1.12,1.00
2016.02.04 07:14:56.525,1.72241,1.72261,1.50,1.37
2016.02.04 07:14:56.576,1.72244,1.72264,1.10,1.87
2016.02.04 07:14:56.628,1.72244,1.72264,2.70,1.87
2016.02.04 07:14:56.724,1.72245,1.72264,1.81,1.50
2016.02.04 07:14:56.778,1.72246,1.72267,1.01,1.10
2016.02.04 07:14:57.287,1.7225,1.72268,1.00,1.12
2016.02.04 07:14:58.098,1.72246,1.72266,1.01,1.00
2016.02.04 07:14:58.404,1.72243,1.72262,1.20,1.00
2016.02.04 07:14:58.506,1.72245,1.72261,1.00,1.00
2016.02.04 07:14:58.861,1.72244,1.72257,1.00,1.00
2016.02.04 07:14:58.913,1.72239,1.72257,1.75,1.00
2016.02.04 07:14:59.230,1.72236,1.72256,2.32,1.12
2016.02.04 07:14:59.485,1.72236,1.72254,1.12,1.00
2016.02.04 07:14:59.739,1.72233,1.72252,1.20,1.08
2016.02.04 07:14:59.891,1.72231,1.7225,1.20,1.00
2016.02.04 07:15:00.145,1.7223,1.72248,1.37,1.00
2016.02.04 07:15:00.271,1.72229,1.72246,1.27,1.00
2016.02.04 07:15:00.783,1.72229,1.72247,1.75,1.00
2016.02.04 07:15:00.986,1.72229,1.7225,2.77,1.12
2016.02.04 07:15:01.089,1.72233,1.72253,1.87,1.19
2016.02.04 07:15:01.249,1.72236,1.72255,1.12,1.00
2016.02.04 07:15:01.351,1.72236,1.72252,1.75,1.00
2016.02.04 07:15:01.454,1.72231,1.72251,1.75,1.00
2016.02.04 07:15:01.608,1.72231,1.72251,1.87,1.37
2016.02.04 07:15:02.117,1.7223,1.72251,1.37,1.50
2016.02.04 07:15:02.514,1.72231,1.72251,1.75,1.37
2016.02.04 07:15:02.616,1.72232,1.72251,1.00,1.37
2016.02.04 07:15:02.718,1.72231,1.72251,1.75,1.12
2016.02.04 07:15:03.349,1.72234,1.72252,1.87,1.00
2016.02.04 07:15:04.011,1.72236,1.72255,1.12,1.20
2016.02.04 07:15:04.063,1.72239,1.72255,1.00,1.00
2016.02.04 07:15:04.367,1.72239,1.72256,1.86,1.20
2016.02.04 07:15:05.716,1.72239,1.72259,1.00,2.77
2016.02.04 07:15:06.223,1.72239,1.72258,1.00,1.87
2016.02.04 07:15:06.766,1.7224,1.72259,1.00,2.77
2016.02.04 07:15:07.309,1.72241,1.72259,1.50,2.77
2016.02.04 07:15:07.461,1.72242,1.72262,1.00,2.32
2016.02.04 07:15:08.064,1.72242,1.72261,1.50,1.47
2016.02.04 07:15:08.321,1.72244,1.72261,1.00,1.47
2016.02.04 07:15:08.828,1.72244,1.72262,1.00,1.50
2016.02.04 07:15:09.172,1.72247,1.72263,1.00,1.87
2016.02.04 07:15:09.478,1.72251,1.72263,1.00,1.37
2016.02.04 07:15:10.068,1.72249,1.72264,1.50,1.37
2016.02.04 07:15:10.171,1.72248,1.72268,2.25,1.50
2016.02.04 07:15:10.428,1.72249,1.72267,1.00,1.07
2016.02.04 07:15:10.479,1.72249,1.72266,1.00,1.57
2016.02.04 07:15:10.632,1.72247,1.72265,1.12,1.37
