2008.03.19 21:00:00.256,1.9639,1.96545,12.00,0.30
2008.03.19 21:00:00.529,1.9639,1.96545,12.00,0.30
2008.03.19 21:00:00.777,1.9639,1.96545,12.00,0.30
2008.03.19 21:00:01.033,1.9639,1.96545,12.00,0.30
2008.03.19 21:00:01.272,1.9639,1.96545,12.00,0.30
2008.03.19 21:00:01.521,1.9639,1.96545,4.00,0.30
2008.03.19 21:00:01.853,1.9639,1.96545,4.00,0.30
2008.03.19 21:00:02.187,1.9639,1.96545,4.00,0.30
2008.03.19 21:00:02.521,1.9639,1.96545,4.00,0.30
2008.03.19 21:00:02.854,1.9639,1.96545,4.00,0.30
2008.03.19 21:00:03.102,1.9639,1.96545,4.00,0.30
2008.03.19 21:00:03.350,1.9639,1.96545,4.00,0.30
2008.03.19 21:00:03.597,1.9639,1.96545,4.00,0.30
2008.03.19 21:00:03.909,1.9639,1.96545,4.00,0.30
2008.03.19 21:00:04.223,1.9639,1.96545,4.00,0.30
2008.03.19 21:00:04.536,1.9639,1.96545,4.00,0.30
2008.03.19 21:00:04.848,1.9639,1.96545,4.00,0.30
2008.03.19 21:00:05.117,1.9639,1.96545,4.00,0.30
2008.03.19 21:00:05.385,1.9639,1.96545,4.00,0.30
2008.03.19 21:00:05.653,1.9639,1.96545,4.00,0.30
2008.03.19 21:00:05.886,1.9639,1.96545,4.00,0.30
2008.03.19 21:00:06.119,1.9639,1.96545,4.00,0.30
2008.03.19 21:00:06.352,1.9639,1.96545,4.00,0.30
2008.03.19 21:00:06.586,1.9639,1.96545,4.00,0.30
2008.03.19 21:00:06.818,1.9639,1.96545,4.00,0.30
2008.03.19 21:00:07.150,1.9639,1.96545,4.00,0.30
2008.03.19 21:00:07.482,1.9639,1.96545,4.00,0.30
2008.03.19 21:00:07.815,1.9638,1.96545,8.00,0.30
2008.03.19 21:00:08.064,1.9638,1.96545,8.00,0.30
2008.03.19 21:00:08.312,1.9638,1.96545,8.00,0.30
2008.03.19 21:00:08.569,1.9638,1.96545,8.00,0.30
2008.03.19 21:00:08.819,1.9638,1.96545,8.00,0.30
2008.03.19 21:00:09.132,1.9638,1.96545,8.00,0.30
2008.03.19 21:00:09.445,1.9638,1.96545,8.00,0.30
2008.03.19 21:00:09.758,1.9638,1.96545,8.00,0.30
2008.03.19 21:00:09.971,1.9638,1.96545,8.00,0.30
2008.03.19 21:00:10.184,1.9638,1.96545,8.00,0.30
2008.03.19 21:00:10.397,1.9638,1.96545,8.00,0.30
2008.03.19 21:00:10.609,1.9638,1.96545,8.00,0.30
2008.03.19 21:00:10.823,1.9638,1.96545,8.00,0.30
2008.03.19 21:00:11.156,1.9638,1.96545,8.00,0.30
2008.03.19 21:00:11.489,1.9638,1.96545,8.00,0.30
2008.03.19 21:00:11.823,1.9638,1.96545,8.00,0.30
2008.03.19 21:00:12.066,1.9638,1.96545,8.00,0.30
2008.03.19 21:00:12.310,1.9638,1.96545,8.00,0.30
2008.03.19 21:00:12.552,1.9638,1.96545,8.00,0.30
2008.03.19 21:00:12.795,1.9638,1.96545,8.00,0.30
2008.03.19 21:00:13.099,1.9638,1.96545,8.00,0.30
2008.03.19 21:00:13.401,1.9638,1.9656,8.00,8.00
2008.03.19 21:00:13.703,1.9638,1.9656,8.00,8.00
2008.03.19 21:00:14.006,1.9638,1.9656,8.00,8.00
2008.03.19 21:00:14.308,1.9638,1.9656,8.00,8.00
2008.03.19 21:00:14.611,1.9638,1.9656,8.00,8.00
2008.03.19 21:00:14.914,1.9638,1.9656,8.00,8.00
2008.03.19 21:00:15.121,1.9638,1.9656,8.00,8.00
2008.03.19 21:00:15.329,1.9638,1.9656,8.00,8.00
2008.03.19 21:00:15.537,1.9638,1.9656,8.00,8.00
2008.03.19 21:00:15.744,1.9638,1.9656,8.00,8.00
2008.03.19 21:00:15.952,1.9638,1.9656,8.00,8.00
2008.03.19 21:00:16.284,1.9638,1.9656,8.00,8.00
2008.03.19 21:00:16.618,1.9638,1.9656,8.00,8.00
2008.03.19 21:00:16.951,1.9638,1.9656,8.00,8.00
2008.03.19 21:00:17.199,1.9638,1.9656,8.00,8.00
2008.03.19 21:00:17.447,1.9638,1.9656,8.00,8.00
2008.03.19 21:00:17.731,1.9638,1.9656,8.00,8.00
2008.03.19 21:00:17.978,1.9638,1.9656,8.00,8.00
2008.03.19 21:00:18.226,1.9638,1.9656,8.00,8.00
2008.03.19 21:00:18.509,1.9638,1.9656,8.00,8.00
2008.03.19 21:00:18.792,1.9638,1.9656,8.00,8.00
2008.03.19 21:00:19.075,1.9638,1.9656,8.00,8.00
2008.03.19 21:00:19.378,1.9638,1.9656,8.00,8.00
2008.03.19 21:00:19.681,1.9638,1.9656,8.00,8.00
2008.03.19 21:00:19.984,1.9638,1.9656,8.00,8.00
2008.03.19 21:00:20.287,1.9638,1.9656,8.00,8.00
2008.03.19 21:00:20.545,1.9638,1.9656,8.00,8.00
2008.03.19 21:00:20.801,1.9638,1.9656,8.00,8.00
2008.03.19 21:00:21.059,1.9633,1.9658,4.00,4.00
2008.03.19 21:00:21.317,1.9633,1.9658,4.00,4.00
2008.03.19 21:00:21.550,1.9633,1.9658,4.00,4.00
2008.03.19 21:00:21.782,1.9633,1.9658,4.00,4.00
2008.03.19 21:00:22.021,1.9633,1.9658,4.00,4.00
2008.03.19 21:00:22.254,1.9633,1.9658,4.00,4.00
2008.03.19 21:00:22.587,1.9633,1.9658,4.00,4.00
2008.03.19 21:00:22.919,1.9633,1.9658,4.00,4.00
2008.03.19 21:00:23.252,1.9633,1.9658,4.00,4.00
2008.03.19 21:00:23.485,1.9633,1.9658,4.00,4.00
2008.03.19 21:00:23.718,1.9633,1.9658,4.00,4.00
2008.03.19 21:00:23.951,1.9633,1.9658,4.00,4.00
2008.03.19 21:00:24.183,1.9633,1.9658,4.00,4.00
2008.03.19 21:00:24.497,1.9633,1.9658,4.00,4.00
2008.03.19 21:00:24.810,1.9633,1.9658,4.00,4.00
2008.03.19 21:00:25.122,1.9633,1.9658,4.00,4.00
2008.03.19 21:00:25.349,1.9633,1.9658,4.00,4.00
2008.03.19 21:00:25.578,1.9637,1.9655,8.00,8.00
2008.03.19 21:00:25.806,1.9637,1.9655,8.00,8.00
2008.03.19 21:00:26.034,1.9637,1.9655,8.00,8.00
2008.03.19 21:00:26.262,1.9637,1.9655,8.00,8.00
2008.03.19 21:00:26.594,1.9637,1.9655,8.00,8.00
2008.03.19 21:00:26.926,1.9637,1.9655,8.00,8.00
2008.03.19 21:00:27.259,1.9637,1.9655,8.00,8.00
2008.03.19 21:00:27.457,1.9637,1.9655,8.00,8.00
2008.03.19 21:00:27.656,1.9637,1.9655,8.00,8.00
2008.03.19 21:00:27.854,1.9637,1.9655,8.00,8.00
2008.03.19 21:00:28.051,1.9637,1.9655,8.00,8.00
2008.03.19 21:00:28.250,1.9637,1.9655,8.00,8.00
2008.03.19 21:00:28.448,1.9637,1.9655,8.00,8.00
2008.03.19 21:00:28.781,1.9637,1.9655,8.00,8.00
2008.03.19 21:00:29.114,1.9637,1.9655,8.00,8.00
2008.03.19 21:00:29.447,1.9637,1.9655,8.00,8.00
2008.03.19 21:00:29.695,1.9637,1.9655,8.00,8.00
2008.03.19 21:00:29.943,1.9637,1.9655,8.00,8.00
2008.03.19 21:00:30.201,1.9637,1.9655,8.00,8.00
2008.03.19 21:00:30.448,1.9637,1.9655,8.00,8.00
2008.03.19 21:00:30.721,1.9637,1.9655,8.00,8.00
2008.03.19 21:00:30.993,1.9637,1.9655,8.00,8.00
2008.03.19 21:00:31.266,1.9637,1.9655,8.00,8.00
2008.03.19 21:00:31.538,1.9637,1.9655,8.00,8.00
2008.03.19 21:00:31.795,1.9637,1.9655,8.00,8.00
2008.03.19 21:00:32.054,1.9637,1.9655,8.00,8.00
2008.03.19 21:00:32.311,1.9637,1.9655,8.00,8.00
2008.03.19 21:00:32.570,1.9637,1.9655,8.00,8.00
2008.03.19 21:00:32.832,1.9637,1.9655,8.00,8.00
2008.03.19 21:00:33.095,1.9634,1.9656,4.00,4.00
2008.03.19 21:00:38.380,1.9633,1.9661,4.00,4.00
2008.03.19 21:00:38.578,1.9633,1.9661,4.00,4.00
2008.03.19 21:00:38.786,1.9633,1.9661,4.00,4.00
2008.03.19 21:00:39.118,1.9633,1.9661,4.00,4.00
2008.03.19 21:00:39.450,1.9633,1.9661,4.00,4.00
2008.03.19 21:00:39.783,1.9633,1.9661,4.00,4.00
2008.03.19 21:00:40.030,1.9633,1.9661,4.00,4.00
2008.03.19 21:00:40.278,1.9633,1.9661,4.00,4.00
2008.03.19 21:00:40.526,1.9633,1.9661,4.00,4.00
2008.03.19 21:00:40.773,1.9633,1.9661,4.00,4.00
2008.03.19 21:00:41.050,1.9633,1.9661,4.00,4.00
2008.03.19 21:00:41.329,1.9633,1.9661,4.00,4.00
2008.03.19 21:00:41.607,1.9633,1.9661,4.00,4.00
2008.03.19 21:00:41.890,1.9633,1.9661,4.00,4.00
2008.03.19 21:00:58.430,1.9635,1.9653,8.00,8.00
2008.03.19 21:00:58.765,1.9636,1.9652,4.00,4.00
2008.03.19 21:00:59.098,1.9636,1.9652,4.00,4.00
2008.03.19 21:00:59.431,1.9636,1.9652,4.00,4.00
2008.03.19 21:00:59.674,1.9636,1.9652,4.00,4.00
2008.03.19 21:00:59.917,1.9636,1.9652,4.00,4.00
2008.03.19 21:01:00.160,1.9636,1.9652,4.00,4.00
2008.03.19 21:01:00.402,1.9636,1.9652,4.00,4.00
2008.03.19 21:01:00.663,1.9636,1.9652,4.00,4.00
2008.03.19 21:01:00.922,1.9636,1.9652,4.00,4.00
2008.03.19 21:01:01.181,1.9636,1.9652,4.00,4.00
2008.03.19 21:01:01.439,1.9636,1.9652,4.00,4.00
2008.03.19 21:01:01.737,1.9636,1.9652,4.00,4.00
2008.03.19 21:01:02.034,1.9636,1.9652,4.00,4.00
2008.03.19 21:01:02.333,1.9636,1.9652,4.00,4.00
2008.03.19 21:01:02.630,1.9636,1.9652,4.00,4.00
2008.03.19 21:01:02.929,1.9636,1.9652,4.00,4.00
2008.03.19 21:01:03.226,1.9636,1.9652,4.00,4.00
2008.03.19 21:01:03.524,1.9636,1.9652,4.00,4.00
2008.03.19 21:01:03.767,1.9636,1.9652,4.00,4.00
2008.03.19 21:01:04.010,1.9636,1.9652,4.00,4.00
2008.03.19 21:01:04.253,1.9636,1.9652,4.00,4.00
2008.03.19 21:01:04.496,1.9636,1.9652,4.00,4.00
2008.03.19 21:01:04.809,1.9636,1.9652,4.00,4.00
2008.03.19 21:01:05.122,1.9636,1.9652,4.00,4.00
2008.03.19 21:01:05.435,1.9636,1.9652,4.00,4.00
2008.03.19 21:01:05.747,1.9636,1.9652,4.00,4.00
2008.03.19 21:01:06.005,1.9636,1.9652,4.00,4.00
2008.03.19 21:01:06.263,1.9636,1.9652,4.00,4.00
2008.03.19 21:01:06.521,1.9636,1.9652,4.00,4.00
2008.03.19 21:01:06.749,1.9636,1.9652,4.00,4.00
2008.03.19 21:01:06.977,1.9636,1.9652,4.00,4.00
2008.03.19 21:01:07.205,1.9636,1.9652,4.00,4.00
2008.03.19 21:01:07.434,1.9636,1.9652,4.00,4.00
2008.03.19 21:01:07.662,1.9636,1.9652,4.00,4.00
2008.03.19 21:01:07.995,1.9636,1.9652,4.00,4.00
2008.03.19 21:01:08.328,1.9636,1.9652,4.00,4.00
2008.03.19 21:01:08.660,1.9636,1.9652,4.00,4.00
2008.03.19 21:01:08.908,1.9636,1.9652,4.00,4.00
2008.03.19 21:01:09.156,1.9636,1.9652,4.00,4.00
2008.03.19 21:01:09.404,1.9636,1.9652,4.00,4.00
2008.03.19 21:01:09.652,1.9636,1.9652,4.00,4.00
2008.03.19 21:01:09.955,1.9636,1.9652,4.00,4.00
2008.03.19 21:01:10.258,1.9636,1.9652,4.00,4.00
2008.03.19 21:01:10.562,1.9637,1.9653,4.00,4.00
2008.03.19 21:01:10.864,1.9637,1.9653,4.00,4.00
2008.03.19 21:01:11.142,1.9637,1.9653,4.00,4.00
2008.03.19 21:01:11.419,1.9637,1.9653,4.00,4.00
2008.03.19 21:01:11.696,1.9637,1.9653,4.00,4.00
2008.03.19 21:01:11.954,1.9637,1.9653,4.00,4.00
2008.03.19 21:01:12.212,1.9637,1.9653,4.00,4.00
2008.03.19 21:01:12.470,1.9637,1.9653,4.00,4.00
2008.03.19 21:01:12.728,1.9637,1.9653,4.00,4.00
2008.03.19 21:01:13.026,1.9637,1.9653,4.00,4.00
2008.03.19 21:01:13.324,1.9637,1.9653,4.00,4.00
2008.03.19 21:01:13.622,1.9637,1.9653,4.00,4.00
2008.03.19 21:01:13.920,1.9637,1.9653,4.00,4.00
2008.03.19 21:01:14.213,1.9637,1.9653,4.00,4.00
2008.03.19 21:01:14.515,1.9637,1.9653,4.00,4.00
2008.03.19 21:01:14.807,1.9637,1.9653,4.00,4.00
2008.03.19 21:01:15.055,1.9637,1.9653,4.00,4.00
2008.03.19 21:01:15.303,1.9637,1.9653,4.00,4.00
2008.03.19 21:01:15.551,1.9637,1.9653,4.00,4.00
2008.03.19 21:01:15.799,1.9637,1.9653,4.00,4.00
2008.03.19 21:01:16.077,1.9637,1.9653,4.00,4.00
2008.03.19 21:01:16.354,1.9637,1.9653,4.00,4.00
2008.03.19 21:01:16.631,1.9637,1.9653,4.00,4.00
2008.03.19 21:01:16.909,1.9637,1.9653,4.00,4.00
2008.03.19 21:01:17.167,1.9637,1.9653,4.00,4.00
2008.03.19 21:01:17.426,1.9637,1.9653,4.00,4.00
2008.03.19 21:01:17.683,1.9637,1.9653,4.00,4.00
2008.03.19 21:01:17.940,1.9637,1.9653,4.00,4.00
2008.03.19 21:01:18.274,1.9637,1.9653,4.00,4.00
2008.03.19 21:01:18.606,1.9637,1.9653,4.00,4.00
2008.03.19 21:01:18.938,1.9637,1.9653,4.00,4.00
2008.03.19 21:01:19.200,1.9637,1.9653,4.00,4.00
2008.03.19 21:01:19.444,1.9637,1.9653,4.00,4.00
2008.03.19 21:01:19.698,1.9637,1.9653,4.00,4.00
2008.03.19 21:01:19.951,1.9637,1.9653,4.00,4.00
2008.03.19 21:01:20.219,1.9637,1.9653,4.00,4.00
2008.03.19 21:01:20.487,1.9637,1.9653,4.00,4.00
2008.03.19 21:01:20.755,1.9637,1.9653,4.00,4.00
2008.03.19 21:01:21.022,1.9637,1.9653,4.00,4.00
2008.03.19 21:01:21.286,1.9637,1.9653,4.00,4.00
2008.03.19 21:01:21.550,1.9637,1.9653,4.00,4.00
2008.03.19 21:01:21.812,1.9637,1.9653,4.00,4.00
2008.03.19 21:01:22.075,1.9637,1.9653,4.00,4.00
2008.03.19 21:01:22.368,1.9637,1.9653,4.00,4.00
2008.03.19 21:01:22.661,1.9637,1.9653,4.00,4.00
2008.03.19 21:01:22.953,1.9637,1.9653,4.00,4.00
2008.03.19 21:01:23.245,1.9637,1.9653,4.00,4.00
2008.03.19 21:01:23.573,1.9637,1.9653,4.00,4.00
2008.03.19 21:01:23.900,1.9636,1.9652,4.00,4.00
2008.03.19 21:01:24.229,1.9636,1.9652,4.00,8.00
2008.03.19 21:01:24.472,1.9636,1.9652,4.00,8.00
2008.03.19 21:01:24.715,1.9636,1.9652,4.00,8.00
2008.03.19 21:01:24.958,1.9636,1.9652,4.00,8.00
2008.03.19 21:01:25.201,1.9636,1.9652,4.00,8.00
2008.03.19 21:01:25.469,1.9636,1.9652,4.00,8.00
2008.03.19 21:01:25.737,1.9636,1.9652,4.00,8.00
2008.03.19 21:01:26.005,1.9636,1.9652,4.00,8.00
2008.03.19 21:01:26.273,1.9636,1.9652,4.00,8.00
2008.03.19 21:01:26.540,1.9636,1.9652,4.00,8.00
2008.03.19 21:01:26.817,1.9636,1.9652,4.00,8.00
2008.03.19 21:01:27.075,1.9636,1.9652,4.00,8.00
2008.03.19 21:01:27.342,1.9636,1.9652,4.00,8.00
2008.03.19 21:01:27.596,1.9636,1.9652,4.00,8.00
2008.03.19 21:01:27.848,1.9636,1.9652,4.00,8.00
2008.03.19 21:01:28.101,1.9636,1.9652,4.00,8.00
2008.03.19 21:01:28.423,1.9636,1.9652,4.00,8.00
2008.03.19 21:01:28.745,1.9636,1.9652,4.00,8.00
2008.03.19 21:01:29.068,1.9636,1.9652,4.00,8.00
2008.03.19 21:01:29.391,1.9637,1.9652,4.00,4.00
2008.03.19 21:01:29.669,1.9637,1.9652,4.00,4.00
2008.03.19 21:01:29.947,1.9637,1.9652,4.00,4.00
2008.03.19 21:01:30.224,1.9637,1.9652,4.00,4.00
2008.03.19 21:01:30.461,1.9637,1.9652,4.00,4.00
2008.03.19 21:01:30.699,1.9636,1.9652,8.00,8.00
2008.03.19 21:01:30.937,1.9636,1.9652,4.00,8.00
2008.03.19 21:01:31.174,1.9636,1.9652,4.00,8.00
2008.03.19 21:01:31.452,1.9636,1.9652,4.00,8.00
2008.03.19 21:01:31.731,1.9636,1.9652,4.00,8.00
2008.03.19 21:01:32.008,1.9636,1.9652,4.00,8.00
2008.03.19 21:01:32.287,1.9636,1.9652,4.00,8.00
2008.03.19 21:01:32.620,1.9638,1.9652,4.00,4.00
2008.03.19 21:01:32.952,1.9638,1.9652,4.00,4.00
2008.03.19 21:01:33.286,1.9638,1.9652,4.00,4.00
2008.03.19 21:01:33.534,1.9637,1.9652,4.00,4.00
2008.03.19 21:01:33.784,1.9637,1.9652,4.00,4.00
2008.03.19 21:01:34.031,1.9637,1.9652,4.00,4.00
2008.03.19 21:01:34.279,1.9637,1.9652,4.00,4.00
2008.03.19 21:01:34.587,1.9637,1.9652,4.00,4.00
2008.03.19 21:01:34.894,1.9637,1.9652,4.00,4.00
2008.03.19 21:01:35.203,1.9636,1.9652,12.00,8.00
2008.03.19 21:01:35.423,1.9636,1.9652,4.00,8.00
2008.03.19 21:01:35.640,1.9636,1.9652,4.00,8.00
2008.03.19 21:01:35.858,1.9636,1.9652,4.00,8.00
2008.03.19 21:01:36.075,1.9636,1.9652,4.00,8.00
2008.03.19 21:01:36.293,1.9636,1.9652,4.00,8.00
2008.03.19 21:01:36.601,1.9636,1.9652,4.00,8.00
2008.03.19 21:01:36.909,1.9636,1.9652,4.00,8.00
2008.03.19 21:01:37.217,1.9636,1.9652,4.00,8.00
2008.03.19 21:01:37.525,1.9636,1.9652,4.00,8.00
2008.03.19 21:01:37.823,1.9636,1.9652,4.00,8.00
2008.03.19 21:01:38.120,1.9636,1.9652,4.00,8.00
2008.03.19 21:01:38.418,1.9636,1.9652,4.00,8.00
2008.03.19 21:01:38.651,1.9636,1.9652,4.00,8.00
2008.03.19 21:01:38.883,1.9637,1.9652,4.00,4.00
2008.03.19 21:01:39.116,1.9634,1.9652,4.00,4.00
2008.03.19 21:01:39.349,1.9634,1.9652,4.00,4.00
2008.03.19 21:01:39.582,1.9634,1.9652,4.00,4.00
2008.03.19 21:01:39.915,1.9634,1.9652,4.00,4.00
2008.03.19 21:01:40.247,1.9634,1.9652,4.00,4.00
2008.03.19 21:01:40.580,1.9634,1.9652,4.00,4.00
2008.03.19 21:01:40.793,1.9634,1.9652,4.00,4.00
2008.03.19 21:01:41.005,1.9634,1.9652,4.00,4.00
2008.03.19 21:01:41.217,1.9634,1.9652,4.00,4.00
2008.03.19 21:01:41.430,1.9634,1.9652,4.00,4.00
2008.03.19 21:01:41.643,1.9634,1.9652,4.00,4.00
2008.03.19 21:01:41.966,1.9634,1.9652,4.00,4.00
2008.03.19 21:01:42.288,1.9634,1.9652,4.00,4.00
2008.03.19 21:01:42.611,1.9634,1.9652,4.00,4.00
2008.03.19 21:01:42.888,1.9634,1.9652,4.00,4.00
2008.03.19 21:01:43.166,1.9634,1.9652,4.00,4.00
2008.03.19 21:01:43.443,1.9634,1.9652,4.00,4.00
2008.03.19 21:01:43.715,1.9634,1.9652,4.00,4.00
2008.03.19 21:01:43.988,1.9634,1.9652,4.00,4.00
2008.03.19 21:01:44.261,1.9634,1.9652,4.00,4.00
2008.03.19 21:01:44.533,1.9634,1.9652,4.00,4.00
2008.03.19 21:01:44.821,1.9634,1.9652,4.00,4.00
2008.03.19 21:01:45.108,1.9634,1.9652,4.00,4.00
2008.03.19 21:01:45.395,1.9634,1.9652,4.00,4.00
2008.03.19 21:01:45.681,1.9634,1.9652,4.00,4.00
2008.03.19 21:01:45.917,1.9634,1.9652,4.00,4.00
2008.03.19 21:01:46.150,1.9634,1.9652,4.00,4.00
2008.03.19 21:01:46.383,1.9634,1.9652,4.00,4.00
2008.03.19 21:01:46.616,1.9634,1.9652,4.00,4.00
2008.03.19 21:01:46.918,1.9634,1.9652,4.00,4.00
2008.03.19 21:01:47.221,1.9634,1.9652,4.00,4.00
2008.03.19 21:01:47.523,1.9634,1.9652,4.00,4.00
2008.03.19 21:01:47.826,1.9634,1.9652,4.00,4.00
2008.03.19 21:01:48.093,1.9634,1.9652,4.00,4.00
2008.03.19 21:01:48.361,1.9634,1.9652,4.00,4.00
2008.03.19 21:01:48.629,1.9634,1.9652,4.00,4.00
2008.03.19 21:01:48.911,1.9634,1.9652,4.00,4.00
2008.03.19 21:01:49.194,1.9634,1.9652,4.00,4.00
2008.03.19 21:01:49.477,1.9634,1.9652,4.00,4.00
2008.03.19 21:01:49.770,1.9634,1.9652,4.00,4.00
2008.03.19 21:01:50.042,1.9634,1.9652,4.00,4.00
2008.03.19 21:01:50.315,1.9634,1.9652,4.00,4.00
2008.03.19 21:01:50.588,1.9634,1.9652,4.00,4.00
2008.03.19 21:01:50.861,1.9634,1.9652,4.00,4.00
2008.03.19 21:01:51.123,1.9634,1.9652,4.00,4.00
2008.03.19 21:01:51.386,1.9634,1.9652,4.00,4.00
2008.03.19 21:01:51.649,1.9634,1.9652,4.00,4.00
2008.03.19 21:01:51.911,1.9634,1.9652,4.00,4.00
2008.03.19 21:01:52.214,1.9634,1.9652,4.00,4.00
2008.03.19 21:01:52.516,1.9634,1.9652,4.00,4.00
2008.03.19 21:01:52.853,1.9634,1.9652,4.00,4.00
2008.03.19 21:01:53.130,1.9634,1.9652,4.00,4.00
2008.03.19 21:01:53.407,1.9634,1.9652,4.00,4.00
2008.03.19 21:01:53.693,1.9634,1.9652,4.00,4.00
2008.03.19 21:01:53.963,1.9634,1.9652,4.00,4.00
2008.03.19 21:01:54.241,1.9634,1.9652,4.00,4.00
2008.03.19 21:01:54.518,1.9634,1.9652,4.00,4.00
2008.03.19 21:01:54.796,1.9634,1.9652,4.00,4.00
2008.03.19 21:01:55.074,1.9634,1.9652,4.00,4.00
2008.03.19 21:01:55.346,1.9634,1.9652,4.00,4.00
2008.03.19 21:01:55.619,1.9634,1.9652,4.00,4.00
2008.03.19 21:01:55.891,1.9634,1.9652,4.00,4.00
2008.03.19 21:01:56.172,1.9634,1.9652,4.00,4.00
2008.03.19 21:01:56.435,1.9634,1.9652,4.00,4.00
2008.03.19 21:01:56.698,1.9634,1.9652,4.00,4.00
2008.03.19 21:01:56.961,1.9634,1.9652,4.00,4.00
2008.03.19 21:01:57.224,1.9634,1.9652,4.00,4.00
2008.03.19 21:01:57.496,1.9634,1.9652,4.00,4.00
2008.03.19 21:01:57.769,1.9634,1.9652,4.00,4.00
2008.03.19 21:01:58.041,1.9634,1.9652,4.00,4.00
2008.03.19 21:01:58.314,1.9634,1.9652,4.00,4.00
2008.03.19 21:01:58.622,1.9634,1.9652,4.00,4.00
2008.03.19 21:01:58.929,1.9634,1.9652,4.00,4.00
2008.03.19 21:01:59.237,1.9634,1.9652,4.00,4.00
2008.03.19 21:01:59.505,1.9634,1.9652,4.00,4.00
2008.03.19 21:01:59.773,1.9634,1.9652,4.00,4.00
2008.03.19 21:02:00.040,1.9634,1.9652,4.00,4.00
2008.03.19 21:02:00.308,1.9634,1.9652,4.00,4.00
2008.03.19 21:02:00.570,1.9634,1.9652,4.00,4.00
2008.03.19 21:02:00.832,1.9634,1.9652,4.00,4.00
2008.03.19 21:02:01.095,1.9634,1.9652,4.00,4.00
2008.03.19 21:02:01.358,1.9634,1.9652,4.00,4.00
2008.03.19 21:02:01.610,1.9634,1.9652,4.00,4.00
2008.03.19 21:02:01.862,1.9634,1.9652,4.00,4.00
2008.03.19 21:02:02.115,1.9634,1.9652,4.00,4.00
2008.03.19 21:02:02.367,1.9634,1.9652,4.00,4.00
2008.03.19 21:02:02.699,1.9634,1.9652,4.00,4.00
2008.03.19 21:02:03.031,1.9634,1.9652,4.00,4.00
2008.03.19 21:02:03.364,1.9634,1.9652,4.00,4.00
2008.03.19 21:02:03.611,1.9634,1.9652,4.00,4.00
2008.03.19 21:02:03.859,1.9634,1.9652,4.00,4.00
2008.03.19 21:02:04.106,1.9634,1.9652,4.00,4.00
2008.03.19 21:02:04.354,1.9634,1.9652,4.00,4.00
2008.03.19 21:02:04.632,1.9634,1.9652,4.00,4.00
2008.03.19 21:02:34.133,1.9623,1.9639,4.00,4.00
2008.03.19 21:02:34.377,1.9623,1.9639,4.00,4.00
2008.03.19 21:02:34.620,1.9623,1.9639,4.00,4.00
2008.03.19 21:02:34.863,1.9623,1.9639,4.00,4.00
2008.03.19 21:02:35.105,1.9623,1.9639,4.00,4.00
2008.03.19 21:02:35.388,1.9623,1.9639,4.00,4.00
2008.03.19 21:02:35.672,1.9623,1.9639,4.00,4.00
2008.03.19 21:02:35.954,1.9623,1.9639,4.00,4.00
2008.03.19 21:02:36.202,1.9623,1.9639,4.00,4.00
2008.03.19 21:02:36.449,1.9623,1.9639,4.00,4.00
2008.03.19 21:02:36.697,1.9623,1.9639,4.00,4.00
2008.03.19 21:02:36.945,1.9623,1.9639,4.00,4.00
2008.03.19 21:02:37.234,1.9623,1.9639,4.00,4.00
2008.03.19 21:02:37.502,1.9623,1.9639,4.00,4.00
2008.03.19 21:02:37.780,1.9623,1.9639,4.00,4.00
2008.03.19 21:02:38.059,1.9623,1.9639,4.00,4.00
2008.03.19 21:02:38.391,1.9623,1.9639,4.00,4.00
2008.03.19 21:02:38.724,1.9623,1.9639,4.00,4.00
2008.03.19 21:02:39.057,1.9623,1.9639,4.00,4.00
2008.03.19 21:02:39.292,1.9623,1.9639,4.00,4.00
2008.03.19 21:02:39.525,1.9623,1.9639,4.00,4.00
2008.03.19 21:02:39.758,1.9623,1.9639,4.00,4.00
2008.03.19 21:02:39.991,1.9623,1.9639,4.00,4.00
2008.03.19 21:02:40.223,1.9623,1.9639,4.00,4.00
2008.03.19 21:02:40.516,1.9623,1.9639,4.00,4.00
2008.03.19 21:02:40.809,1.9623,1.9639,4.00,4.00
2008.03.19 21:02:41.102,1.9623,1.9639,4.00,4.00
2008.03.19 21:02:41.355,1.9623,1.9639,4.00,4.00
2008.03.19 21:02:41.608,1.9623,1.9639,4.00,4.00
2008.03.19 21:02:41.861,1.9623,1.9639,4.00,4.00
2008.03.19 21:02:42.114,1.9623,1.9639,4.00,4.00
2008.03.19 21:02:42.367,1.9623,1.9639,4.00,4.00
2008.03.19 21:02:42.675,1.9623,1.9639,4.00,4.00
2008.03.19 21:02:42.982,1.9623,1.9639,4.00,4.00
2008.03.19 21:02:43.290,1.9623,1.9639,4.00,4.00
2008.03.19 21:02:43.597,1.9623,1.9639,4.00,4.00
2008.03.19 21:02:43.905,1.9623,1.9639,4.00,12.00
2008.03.19 21:02:44.213,1.9623,1.9639,4.00,12.00
2008.03.19 21:02:44.436,1.9623,1.9639,4.00,12.00
2008.03.19 21:02:44.658,1.9623,1.9639,4.00,12.00
2008.03.19 21:02:44.881,1.9622,1.9638,4.00,4.00
2008.03.19 21:02:45.104,1.9622,1.9638,4.00,4.00
2008.03.19 21:02:45.327,1.9622,1.9638,4.00,4.00
2008.03.19 21:02:45.660,1.9622,1.9638,4.00,4.00
2008.03.19 21:02:45.993,1.9622,1.9638,4.00,4.00
2008.03.19 21:02:46.326,1.9622,1.9638,4.00,4.00
2008.03.19 21:02:46.533,1.9622,1.9638,4.00,4.00
2008.03.19 21:02:46.740,1.9622,1.9638,4.00,4.00
2008.03.19 21:02:46.948,1.9622,1.9638,4.00,4.00
2008.03.19 21:02:47.156,1.9622,1.9638,4.00,4.00
2008.03.19 21:02:47.365,1.96245,1.96345,0.60,0.60
2008.03.19 21:02:47.705,1.96245,1.96345,0.60,0.60
2008.03.19 21:02:48.038,1.96245,1.96345,0.60,0.60
2008.03.19 21:02:48.371,1.96245,1.96345,0.60,0.60
2008.03.19 21:02:48.644,1.96245,1.96345,0.60,0.60
2008.03.19 21:02:48.918,1.96245,1.96345,0.60,0.60
2008.03.19 21:02:49.191,1.96185,1.96285,0.60,0.60
2008.03.19 21:02:49.465,1.96185,1.96285,0.60,0.60
2008.03.19 21:02:49.748,1.96185,1.9628,0.60,0.60
2008.03.19 21:02:50.031,1.962,1.96295,0.60,0.60
2008.03.19 21:02:50.314,1.9619,1.96285,0.60,0.60
2008.03.19 21:02:50.596,1.9619,1.96285,0.60,0.60
2008.03.19 21:02:50.853,1.9619,1.96285,0.60,0.60
2008.03.19 21:02:51.110,1.9619,1.96285,0.60,0.60
2008.03.19 21:02:51.367,1.9619,1.96285,0.60,0.60
2008.03.19 21:02:51.624,1.9619,1.96285,0.60,0.60
2008.03.19 21:02:51.894,1.9619,1.96285,0.60,0.60
2008.03.19 21:02:52.163,1.9619,1.96285,0.60,0.60
2008.03.19 21:02:52.431,1.9618,1.96285,0.60,0.60
2008.03.19 21:02:52.700,1.962,1.96295,0.60,0.60
2008.03.19 21:02:53.024,1.96215,1.96305,0.60,0.60
2008.03.19 21:02:53.347,1.96215,1.96305,0.60,0.60
2008.03.19 21:02:53.670,1.96215,1.96305,0.60,0.60
2008.03.19 21:02:53.933,1.96215,1.96305,0.60,0.60
2008.03.19 21:02:54.197,1.96215,1.96305,0.60,0.60
2008.03.19 21:02:54.459,1.96215,1.96305,0.60,0.60
2008.03.19 21:02:54.722,1.96215,1.96305,0.60,0.60
2008.03.19 21:02:54.976,1.96215,1.96305,0.60,0.60
2008.03.19 21:02:55.228,1.96215,1.96305,0.60,0.60
2008.03.19 21:02:55.482,1.96215,1.96305,0.60,0.60
2008.03.19 21:02:55.734,1.96215,1.96305,0.60,0.60
2008.03.19 21:02:56.007,1.96215,1.96305,0.60,0.60
2008.03.19 21:02:56.280,1.96215,1.96305,0.60,0.60
2008.03.19 21:02:56.552,1.96215,1.96305,0.60,0.60
2008.03.19 21:02:56.824,1.96215,1.96305,0.60,0.60
2008.03.19 21:02:57.077,1.96215,1.96305,0.60,0.60
2008.03.19 21:02:57.330,1.96215,1.96305,0.60,0.60
2008.03.19 21:02:57.588,1.96205,1.963,0.60,0.60
2008.03.19 21:02:57.842,1.96205,1.9631,0.60,0.60
2008.03.19 21:02:58.152,1.96205,1.9631,0.60,0.60
2008.03.19 21:02:58.461,1.96205,1.9631,0.60,0.60
2008.03.19 21:02:58.771,1.96205,1.9631,0.60,0.60
2008.03.19 21:02:59.080,1.96205,1.9631,0.60,0.60
2008.03.19 21:02:59.413,1.96215,1.9631,0.60,0.60
2008.03.19 21:02:59.746,1.96215,1.9631,0.60,0.60
2008.03.19 21:03:00.079,1.962,1.96295,0.60,0.60
2008.03.19 21:03:00.296,1.962,1.96295,0.60,0.60
2008.03.19 21:03:00.513,1.962,1.96295,0.60,0.60
2008.03.19 21:03:00.731,1.962,1.96295,0.60,0.60
2008.03.19 21:03:00.948,1.962,1.96295,0.60,0.60
2008.03.19 21:03:01.236,1.962,1.96295,0.60,0.60
2008.03.19 21:03:01.524,1.962,1.96295,0.60,0.60
2008.03.19 21:03:01.812,1.962,1.96295,0.60,0.60
2008.03.19 21:03:02.101,1.962,1.96295,0.60,0.60
2008.03.19 21:03:02.367,1.962,1.96295,0.60,0.60
2008.03.19 21:03:02.635,1.962,1.96295,0.60,0.60
2008.03.19 21:03:02.905,1.962,1.96295,0.60,0.60
2008.03.19 21:03:03.193,1.962,1.96295,0.60,0.60
2008.03.19 21:03:03.481,1.962,1.96295,0.60,0.60
2008.03.19 21:03:03.769,1.962,1.96295,0.60,0.60
2008.03.19 21:03:04.057,1.962,1.96295,0.60,0.60
2008.03.19 21:03:04.365,1.96185,1.96285,0.60,0.60
2008.03.19 21:03:04.673,1.96185,1.96285,0.60,0.60
2008.03.19 21:03:04.980,1.96185,1.96285,0.60,0.60
2008.03.19 21:03:05.198,1.96185,1.96285,0.60,0.60
2008.03.19 21:03:05.417,1.96185,1.96285,0.60,0.60
2008.03.19 21:03:05.635,1.96185,1.96285,0.60,0.60
2008.03.19 21:03:05.852,1.96185,1.96285,0.60,0.60
2008.03.19 21:03:06.071,1.96185,1.96285,0.60,0.60
2008.03.19 21:03:06.398,1.96185,1.96285,0.60,0.60
2008.03.19 21:03:06.726,1.96185,1.96285,0.60,0.60
2008.03.19 21:03:07.053,1.96185,1.96285,0.60,0.60
2008.03.19 21:03:07.272,1.96185,1.96285,0.60,0.60
2008.03.19 21:03:07.491,1.96185,1.96285,0.60,0.60
2008.03.19 21:03:07.709,1.96185,1.96285,0.60,0.60
2008.03.19 21:03:07.927,1.962,1.96295,0.60,0.60
2008.03.19 21:03:08.145,1.962,1.96295,0.60,0.60
2008.03.19 21:03:08.479,1.962,1.96295,0.60,0.60
2008.03.19 21:03:08.813,1.962,1.96295,0.60,0.60
2008.03.19 21:03:09.144,1.962,1.96295,0.60,0.60
2008.03.19 21:03:09.397,1.962,1.96295,0.60,0.60
2008.03.19 21:03:09.650,1.962,1.96295,0.60,0.60
2008.03.19 21:03:09.903,1.962,1.96295,0.60,0.60
2008.03.19 21:03:10.158,1.962,1.96295,0.60,0.60
2008.03.19 21:03:10.420,1.962,1.96295,0.60,0.60
2008.03.19 21:03:10.682,1.962,1.96295,0.60,0.60
2008.03.19 21:03:10.945,1.96195,1.9629,0.60,0.60
2008.03.19 21:03:11.208,1.96195,1.9629,0.60,0.60
2008.03.19 21:03:11.486,1.96195,1.9629,0.60,0.60
2008.03.19 21:03:11.764,1.96195,1.9629,0.60,0.60
2008.03.19 21:03:12.042,1.96195,1.9629,0.60,0.60
2008.03.19 21:03:12.284,1.96195,1.9629,0.60,0.60
2008.03.19 21:03:12.527,1.96195,1.9629,0.60,0.60
2008.03.19 21:03:12.771,1.96195,1.9629,0.60,0.60
2008.03.19 21:03:13.013,1.96195,1.9629,0.60,0.60
2008.03.19 21:03:13.346,1.96195,1.9629,0.60,0.60
2008.03.19 21:03:13.680,1.96195,1.9629,0.60,0.60
2008.03.19 21:03:14.023,1.9621,1.96305,0.60,0.60
2008.03.19 21:03:14.230,1.9621,1.96305,0.60,0.60
2008.03.19 21:03:14.439,1.9621,1.96305,0.60,0.60
2008.03.19 21:03:14.657,1.962,1.96295,0.60,0.60
2008.03.19 21:03:14.855,1.962,1.96295,0.60,0.60
2008.03.19 21:03:15.063,1.962,1.96295,0.60,0.60
2008.03.19 21:03:15.395,1.962,1.96295,0.60,0.60
2008.03.19 21:03:15.729,1.962,1.96295,0.60,0.60
2008.03.19 21:03:16.062,1.962,1.96295,0.60,0.60
2008.03.19 21:03:16.291,1.962,1.96295,0.60,0.60
2008.03.19 21:03:16.519,1.962,1.96295,0.60,0.60
2008.03.19 21:03:16.747,1.962,1.96295,0.60,0.60
2008.03.19 21:03:16.975,1.962,1.96295,0.60,0.60
2008.03.19 21:03:17.204,1.962,1.96295,0.60,0.60
2008.03.19 21:03:17.510,1.962,1.96295,0.60,0.60
2008.03.19 21:03:17.813,1.962,1.96295,0.60,0.60
2008.03.19 21:03:18.124,1.962,1.96295,0.60,0.60
2008.03.19 21:03:18.418,1.962,1.96295,0.60,0.60
2008.03.19 21:03:18.711,1.962,1.96295,0.60,0.60
2008.03.19 21:03:19.004,1.962,1.96295,0.60,0.60
2008.03.19 21:03:19.297,1.962,1.96295,0.60,0.60
2008.03.19 21:03:19.570,1.962,1.96295,0.60,0.60
2008.03.19 21:03:19.844,1.962,1.96295,0.60,0.60
2008.03.19 21:03:20.118,1.962,1.96295,0.60,0.60
2008.03.19 21:03:20.392,1.9617,1.96265,0.60,0.60
2008.03.19 21:03:20.666,1.9617,1.96265,0.60,0.60
2008.03.19 21:03:20.949,1.9617,1.96265,0.60,0.60
2008.03.19 21:03:21.212,1.9617,1.96265,0.60,0.60
2008.03.19 21:03:21.455,1.9617,1.96265,0.60,0.60
2008.03.19 21:03:21.698,1.9617,1.96265,0.60,0.60
2008.03.19 21:03:21.944,1.96185,1.9628,0.60,0.60
2008.03.19 21:03:22.186,1.96185,1.9628,0.60,0.60
2008.03.19 21:03:22.428,1.96185,1.9628,0.60,0.60
2008.03.19 21:03:22.761,1.96185,1.9628,0.60,0.60
2008.03.19 21:03:23.094,1.96185,1.9628,0.60,0.60
2008.03.19 21:03:23.428,1.96185,1.9628,0.60,0.60
2008.03.19 21:03:23.705,1.96185,1.9628,0.60,0.60
2008.03.19 21:03:23.985,1.96185,1.9628,0.60,0.60
2008.03.19 21:03:24.263,1.96185,1.9628,0.60,0.60
2008.03.19 21:03:24.511,1.96185,1.9628,0.60,0.60
2008.03.19 21:03:24.759,1.96185,1.9628,0.60,0.60
2008.03.19 21:03:25.008,1.96185,1.9628,0.60,0.60
2008.03.19 21:03:25.255,1.96185,1.9628,0.60,0.60
2008.03.19 21:03:25.523,1.96185,1.9628,0.60,0.60
2008.03.19 21:03:25.801,1.96185,1.9628,0.60,0.60
2008.03.19 21:03:26.069,1.96185,1.9628,0.60,0.60
2008.03.19 21:03:26.337,1.96185,1.9628,0.60,0.60
2008.03.19 21:03:26.604,1.96185,1.9628,0.60,0.60
2008.03.19 21:03:26.868,1.96185,1.9628,0.60,0.60
2008.03.19 21:03:27.131,1.96185,1.9628,0.60,0.60
2008.03.19 21:03:27.395,1.96185,1.9628,0.60,0.60
2008.03.19 21:03:27.693,1.96185,1.9628,0.60,0.60
2008.03.19 21:03:27.990,1.96185,1.9628,0.60,0.60
2008.03.19 21:03:28.288,1.96185,1.9628,0.60,0.60
2008.03.19 21:03:28.595,1.96185,1.9628,0.60,0.60
2008.03.19 21:03:28.897,1.96185,1.9628,0.60,0.60
2008.03.19 21:03:29.200,1.96185,1.9628,0.60,0.60
2008.03.19 21:03:29.503,1.96185,1.9628,0.60,0.60
2008.03.19 21:03:29.756,1.96185,1.9628,0.60,0.60
2008.03.19 21:03:30.010,1.96185,1.9628,0.60,0.60
2008.03.19 21:03:30.262,1.96185,1.9628,0.60,0.60
2008.03.19 21:03:30.515,1.96185,1.9628,0.60,0.60
2008.03.19 21:03:30.778,1.96185,1.9628,0.60,0.60
2008.03.19 21:03:31.046,1.96185,1.9628,0.60,0.60
2008.03.19 21:03:31.308,1.96185,1.9628,0.60,0.60
2008.03.19 21:03:31.573,1.96185,1.9628,0.60,0.60
2008.03.19 21:03:31.840,1.96185,1.9628,0.60,0.60
2008.03.19 21:03:32.108,1.96185,1.9628,0.60,0.60
2008.03.19 21:03:32.377,1.96185,1.9628,0.60,0.60
2008.03.19 21:03:32.645,1.9615,1.96285,4.00,0.60
2008.03.19 21:03:32.953,1.9611,1.96235,0.60,0.60
2008.03.19 21:03:33.261,1.9613,1.96235,0.60,0.60
2008.03.19 21:03:33.570,1.9613,1.96235,0.60,0.60
2008.03.19 21:03:33.817,1.9613,1.96235,0.60,0.60
2008.03.19 21:03:34.067,1.9613,1.96235,0.60,0.60
2008.03.19 21:03:34.315,1.9613,1.96235,0.60,0.60
2008.03.19 21:03:34.564,1.9609,1.96195,0.60,0.60
2008.03.19 21:03:34.837,1.9609,1.96195,0.60,0.60
2008.03.19 21:03:35.110,1.9609,1.96195,0.60,0.60
2008.03.19 21:03:35.383,1.9609,1.96195,0.60,0.60
2008.03.19 21:03:35.656,1.9609,1.96195,0.60,0.60
2008.03.19 21:03:35.928,1.9609,1.96195,0.60,0.60
2008.03.19 21:03:36.201,1.9609,1.96195,0.60,0.60
2008.03.19 21:03:36.473,1.9609,1.96195,0.60,0.60
2008.03.19 21:03:36.745,1.9609,1.96195,0.60,0.60
2008.03.19 21:03:37.008,1.9609,1.96195,0.60,0.60
2008.03.19 21:03:37.270,1.9609,1.96195,0.60,0.60
2008.03.19 21:03:37.533,1.9609,1.96195,0.60,0.60
2008.03.19 21:03:37.796,1.9609,1.96195,0.60,0.60
2008.03.19 21:03:38.094,1.9609,1.96195,0.60,0.60
2008.03.19 21:03:38.392,1.9609,1.96195,0.60,0.60
2008.03.19 21:03:38.689,1.9609,1.96195,0.60,0.60
2008.03.19 21:03:38.942,1.9609,1.96195,0.60,0.60
2008.03.19 21:03:39.203,1.9609,1.96195,0.60,0.60
2008.03.19 21:03:39.455,1.9609,1.96195,0.60,0.60
2008.03.19 21:03:39.709,1.9609,1.96195,0.60,0.60
2008.03.19 21:03:40.016,1.9609,1.96195,0.60,0.60
2008.03.19 21:03:40.324,1.9609,1.96195,0.60,0.60
2008.03.19 21:03:40.633,1.9609,1.96195,0.60,0.60
2008.03.19 21:03:40.940,1.9609,1.96195,0.60,0.60
2008.03.19 21:03:41.199,1.9609,1.96195,0.60,0.60
2008.03.19 21:03:41.457,1.9609,1.96195,0.60,0.60
2008.03.19 21:03:41.714,1.9609,1.96195,0.60,0.60
2008.03.19 21:03:41.971,1.9609,1.96195,0.60,0.60
2008.03.19 21:03:42.219,1.9609,1.96195,0.60,0.60
2008.03.19 21:03:42.467,1.9609,1.96195,0.60,0.60
2008.03.19 21:03:42.715,1.9609,1.96195,0.60,0.60
2008.03.19 21:03:42.963,1.9609,1.96195,0.60,0.60
2008.03.19 21:03:43.300,1.9606,1.96165,0.60,0.60
2008.03.19 21:03:43.633,1.9606,1.96165,0.60,0.60
2008.03.19 21:03:43.966,1.9606,1.96165,0.60,0.60
2008.03.19 21:03:44.224,1.9606,1.96165,0.60,0.60
2008.03.19 21:03:44.482,1.9606,1.96165,0.60,0.60
2008.03.19 21:03:44.740,1.9606,1.96165,0.60,0.60
2008.03.19 21:03:44.998,1.9606,1.96165,0.60,0.60
2008.03.19 21:03:45.277,1.9606,1.96165,0.60,0.60
2008.03.19 21:03:45.555,1.9606,1.96165,0.60,0.60
2008.03.19 21:03:45.833,1.9606,1.96165,0.60,0.60
2008.03.19 21:03:46.091,1.9606,1.96165,0.60,0.60
2008.03.19 21:03:46.349,1.9606,1.96165,0.60,0.60
2008.03.19 21:03:46.607,1.9606,1.96165,0.60,0.60
2008.03.19 21:03:46.865,1.9606,1.96165,0.60,0.60
2008.03.19 21:03:47.128,1.9606,1.96165,0.60,0.60
2008.03.19 21:03:47.392,1.9606,1.96165,0.60,0.60
2008.03.19 21:03:47.655,1.9606,1.96165,0.60,0.60
2008.03.19 21:03:47.919,1.9606,1.96165,0.60,0.60
2008.03.19 21:03:48.253,1.9606,1.96165,0.60,0.60
2008.03.19 21:03:48.585,1.9606,1.96165,0.60,0.60
2008.03.19 21:03:48.919,1.9606,1.96165,0.60,0.60
2008.03.19 21:03:49.167,1.9606,1.96165,0.60,0.60
2008.03.19 21:03:49.416,1.9606,1.96155,0.60,0.60
2008.03.19 21:03:49.664,1.9606,1.96155,0.60,0.60
2008.03.19 21:03:49.912,1.9606,1.96155,0.60,0.60
2008.03.19 21:03:50.216,1.9606,1.96155,0.60,0.60
2008.03.19 21:03:50.518,1.9606,1.96155,0.60,0.60
2008.03.19 21:03:50.820,1.9606,1.96155,0.60,0.60
2008.03.19 21:03:51.123,1.9606,1.96155,0.60,0.60
2008.03.19 21:03:51.346,1.9606,1.96155,0.60,0.60
2008.03.19 21:03:51.569,1.9606,1.96155,0.60,0.60
2008.03.19 21:03:51.792,1.9606,1.96155,0.60,0.60
2008.03.19 21:03:52.015,1.9606,1.96155,0.60,0.60
2008.03.19 21:03:52.323,1.9606,1.96155,0.60,0.60
2008.03.19 21:03:52.632,1.9606,1.96155,0.60,0.60
2008.03.19 21:03:52.939,1.9606,1.96155,0.60,0.60
2008.03.19 21:03:53.233,1.9606,1.96155,0.60,0.60
2008.03.19 21:03:53.525,1.9606,1.96155,0.60,0.60
2008.03.19 21:03:53.818,1.9606,1.96155,0.60,0.60
2008.03.19 21:03:54.112,1.9606,1.96155,0.60,0.60
2008.03.19 21:03:54.390,1.9606,1.96155,0.60,0.60
2008.03.19 21:03:54.668,1.9606,1.96155,0.60,0.60
2008.03.19 21:03:54.946,1.9606,1.96155,0.60,0.60
2008.03.19 21:03:55.184,1.9606,1.96155,0.60,0.60
2008.03.19 21:03:55.422,1.9606,1.96155,0.60,0.60
2008.03.19 21:03:55.659,1.9606,1.96155,0.60,0.60
2008.03.19 21:03:55.897,1.9606,1.96155,0.60,0.60
2008.03.19 21:03:56.177,1.9606,1.96155,0.60,0.60
2008.03.19 21:03:56.455,1.9606,1.96155,0.60,0.60
2008.03.19 21:03:56.733,1.9606,1.96155,0.60,0.60
2008.03.19 21:03:57.011,1.9606,1.96155,0.60,0.60
2008.03.19 21:03:57.269,1.9606,1.96155,0.60,0.60
2008.03.19 21:03:57.527,1.9606,1.96155,0.60,0.60
2008.03.19 21:03:57.785,1.9606,1.96155,0.60,0.60
2008.03.19 21:03:58.045,1.9606,1.96155,0.60,0.60
2008.03.19 21:03:58.380,1.9606,1.96155,0.60,0.60
2008.03.19 21:03:58.712,1.9606,1.96155,0.60,0.60
2008.03.19 21:03:59.056,1.9606,1.96155,0.60,0.60
2008.03.19 21:03:59.294,1.9606,1.96155,0.60,0.60
2008.03.19 21:03:59.542,1.9606,1.96155,0.60,0.60
2008.03.19 21:03:59.791,1.9606,1.96155,0.60,0.60
2008.03.19 21:04:00.038,1.9606,1.96155,0.60,0.60
2008.03.19 21:04:00.357,1.9606,1.96155,0.60,0.60
2008.03.19 21:04:00.675,1.9606,1.96155,0.60,0.60
2008.03.19 21:04:01.002,1.9606,1.96155,0.60,0.60
2008.03.19 21:04:01.220,1.9606,1.96155,0.60,0.60
2008.03.19 21:04:01.438,1.9606,1.96155,0.60,0.60
2008.03.19 21:04:01.656,1.9606,1.96155,0.60,0.60
2008.03.19 21:04:01.875,1.9606,1.96155,0.60,0.60
2008.03.19 21:04:02.092,1.9606,1.96155,0.60,0.60
2008.03.19 21:04:02.430,1.9606,1.96155,0.60,0.60
2008.03.19 21:04:02.747,1.9606,1.96155,0.60,0.60
2008.03.19 21:04:03.090,1.9606,1.96155,0.60,0.60
2008.03.19 21:04:03.372,1.9606,1.96155,0.60,0.60
2008.03.19 21:04:03.654,1.9606,1.96155,0.60,0.60
2008.03.19 21:04:03.938,1.9606,1.96155,0.60,0.60
2008.03.19 21:04:04.221,1.9606,1.96155,0.60,0.60
2008.03.19 21:04:04.481,1.9606,1.96155,0.60,0.60
2008.03.19 21:04:04.739,1.9606,1.96155,0.60,0.60
2008.03.19 21:04:05.006,1.9606,1.96155,0.60,0.60
2008.03.19 21:04:05.263,1.9606,1.96155,0.60,0.60
2008.03.19 21:04:05.531,1.9606,1.96155,0.60,0.60
2008.03.19 21:04:05.809,1.9606,1.96155,0.60,0.60
2008.03.19 21:04:06.067,1.9606,1.96155,0.60,0.60
2008.03.19 21:04:06.301,1.9606,1.96155,0.60,0.60
2008.03.19 21:04:06.536,1.9606,1.96155,0.60,0.60
2008.03.19 21:04:06.769,1.9606,1.96155,0.60,0.60
2008.03.19 21:04:07.002,1.9606,1.96155,0.60,0.60
2008.03.19 21:04:07.235,1.9606,1.96155,0.60,0.60
2008.03.19 21:04:07.553,1.9606,1.96155,0.60,0.60
2008.03.19 21:04:07.871,1.9606,1.96155,0.60,0.60
2008.03.19 21:04:08.189,1.9606,1.96155,0.60,0.60
2008.03.19 21:04:08.458,1.9606,1.96155,0.60,0.60
2008.03.19 21:04:08.725,1.9606,1.96155,0.60,0.60
2008.03.19 21:04:08.992,1.9606,1.96155,0.60,0.60
2008.03.19 21:04:09.262,1.9606,1.96155,0.60,0.60
2008.03.19 21:04:09.520,1.9606,1.96155,0.60,0.60
2008.03.19 21:04:09.777,1.9606,1.96155,0.60,0.60
2008.03.19 21:04:10.035,1.9606,1.96155,0.60,0.60
2008.03.19 21:04:10.293,1.9606,1.96155,0.60,0.60
2008.03.19 21:04:10.591,1.9606,1.96155,0.60,0.60
2008.03.19 21:04:10.889,1.9606,1.96155,0.60,0.60
2008.03.19 21:04:11.186,1.9606,1.96155,0.60,0.60
2008.03.19 21:04:11.486,1.96065,1.9616,0.60,0.60
2008.03.19 21:04:11.745,1.96065,1.9616,0.60,0.60
2008.03.19 21:04:11.995,1.96065,1.9616,0.60,0.60
2008.03.19 21:04:12.243,1.96065,1.9616,0.60,0.60
2008.03.19 21:04:12.491,1.96055,1.9615,0.60,0.60
2008.03.19 21:04:12.774,1.96055,1.9615,0.60,0.60
2008.03.19 21:04:13.094,1.96055,1.9615,0.60,0.60
2008.03.19 21:04:13.376,1.96055,1.9615,0.60,0.60
2008.03.19 21:04:13.704,1.96055,1.9615,0.60,0.60
2008.03.19 21:04:14.032,1.96055,1.9615,0.60,0.60
2008.03.19 21:04:14.359,1.96055,1.9615,0.60,0.60
2008.03.19 21:04:14.568,1.96055,1.9615,0.60,0.60
2008.03.19 21:04:14.776,1.96055,1.9615,0.60,0.60
2008.03.19 21:04:14.983,1.96055,1.9615,0.60,0.60
2008.03.19 21:04:15.192,1.9608,1.96175,0.60,0.60
2008.03.19 21:04:15.400,1.9608,1.96175,0.60,0.60
2008.03.19 21:04:15.732,1.9608,1.96175,0.60,0.60
2008.03.19 21:04:16.065,1.9608,1.96175,0.60,0.60
2008.03.19 21:04:16.397,1.9608,1.96175,0.60,0.60
2008.03.19 21:04:16.730,1.9608,1.96175,0.60,0.60
2008.03.19 21:04:16.929,1.9608,1.96175,0.60,0.60
2008.03.19 21:04:17.127,1.9608,1.96175,0.60,0.60
2008.03.19 21:04:17.325,1.9608,1.96175,0.60,0.60
2008.03.19 21:04:17.523,1.9608,1.96175,0.60,0.60
2008.03.19 21:04:17.866,1.9607,1.9617,0.60,0.60
2008.03.19 21:04:18.189,1.9607,1.9617,0.60,0.60
2008.03.19 21:04:18.522,1.9607,1.9617,0.60,0.60
2008.03.19 21:04:18.804,1.9607,1.9617,0.60,0.60
2008.03.19 21:04:19.087,1.961,1.96195,0.60,0.60
2008.03.19 21:04:19.371,1.961,1.96195,0.60,0.60
2008.03.19 21:04:19.652,1.961,1.96195,0.60,0.60
2008.03.19 21:04:19.940,1.961,1.96195,0.60,0.60
2008.03.19 21:04:20.230,1.961,1.96195,0.60,0.60
2008.03.19 21:04:20.517,1.961,1.96195,0.60,0.60
2008.03.19 21:04:20.755,1.961,1.96195,0.60,0.60
2008.03.19 21:04:20.993,1.961,1.96195,0.60,0.60
2008.03.19 21:04:21.231,1.961,1.96195,0.60,0.60
2008.03.19 21:04:21.469,1.961,1.96195,0.60,0.60
2008.03.19 21:04:21.751,1.961,1.96195,0.60,0.60
2008.03.19 21:04:22.036,1.961,1.96195,0.60,0.60
2008.03.19 21:04:22.319,1.961,1.96195,0.60,0.60
2008.03.19 21:04:22.603,1.961,1.96195,0.60,0.60
2008.03.19 21:04:22.870,1.96085,1.9618,0.60,0.60
2008.03.19 21:04:23.137,1.96085,1.9618,0.60,0.60
2008.03.19 21:04:23.406,1.96085,1.9618,0.60,0.60
2008.03.19 21:04:23.675,1.961,1.96195,0.60,0.60
2008.03.19 21:04:24.018,1.961,1.96195,0.60,0.60
2008.03.19 21:04:24.352,1.961,1.96195,0.60,0.60
2008.03.19 21:04:24.685,1.961,1.96195,0.60,0.60
2008.03.19 21:04:24.889,1.961,1.96195,0.60,0.60
2008.03.19 21:04:25.093,1.961,1.96195,0.60,0.60
2008.03.19 21:04:25.297,1.96085,1.9618,0.60,0.60
2008.03.19 21:04:25.498,1.96085,1.9618,0.60,0.60
2008.03.19 21:04:25.701,1.96085,1.9618,0.60,0.60
2008.03.19 21:04:26.034,1.96085,1.9618,0.60,0.60
2008.03.19 21:04:26.367,1.96085,1.9618,0.60,0.60
2008.03.19 21:04:26.700,1.96085,1.9618,0.60,0.60
2008.03.19 21:04:26.914,1.96095,1.96185,0.60,0.60
2008.03.19 21:04:27.131,1.96095,1.96185,0.60,0.60
2008.03.19 21:04:27.345,1.96095,1.96185,0.60,0.60
2008.03.19 21:04:27.557,1.96095,1.96185,0.60,0.60
2008.03.19 21:04:27.771,1.96095,1.96185,0.60,0.60
2008.03.19 21:04:28.104,1.9612,1.9618,0.80,0.50
2008.03.19 21:04:28.438,1.9612,1.9618,0.80,0.50
2008.03.19 21:04:28.771,1.9612,1.9618,0.80,0.50
2008.03.19 21:04:29.011,1.9612,1.9618,0.80,0.50
2008.03.19 21:04:29.249,1.9612,1.9618,0.80,0.50
2008.03.19 21:04:29.489,1.9612,1.9618,0.80,0.50
2008.03.19 21:04:29.738,1.9612,1.9618,0.80,0.50
2008.03.19 21:04:29.966,1.9612,1.9618,0.80,0.50
2008.03.19 21:04:30.301,1.9612,1.9618,0.80,0.50
2008.03.19 21:04:30.633,1.9612,1.9618,0.80,0.50
2008.03.19 21:04:30.968,1.9612,1.9618,0.80,0.50
2008.03.19 21:04:31.187,1.9612,1.9618,0.80,0.50
2008.03.19 21:04:31.409,1.9612,1.9618,0.80,0.50
2008.03.19 21:04:31.627,1.9612,1.9618,0.80,0.50
2008.03.19 21:04:31.846,1.9612,1.9618,0.80,0.50
2008.03.19 21:04:32.137,1.9612,1.9618,0.80,0.50
2008.03.19 21:04:32.436,1.9612,1.9618,0.80,0.50
2008.03.19 21:04:32.715,1.9612,1.9618,0.80,0.50
2008.03.19 21:04:33.003,1.9612,1.9618,0.80,0.50
2008.03.19 21:04:33.338,1.9612,1.9618,0.80,0.50
2008.03.19 21:04:33.682,1.9612,1.9618,0.80,0.50
2008.03.19 21:04:34.005,1.9612,1.9618,0.80,0.50
2008.03.19 21:04:34.238,1.9612,1.9618,0.80,0.50
2008.03.19 21:04:34.475,1.9612,1.9618,0.80,0.50
2008.03.19 21:04:34.709,1.9612,1.9618,0.80,0.50
2008.03.19 21:04:34.944,1.9612,1.9618,0.80,0.50
2008.03.19 21:04:35.218,1.9612,1.9618,0.80,0.50
2008.03.19 21:04:35.492,1.9607,1.9612,2.40,0.50
2008.03.19 21:04:35.765,1.9604,1.9612,0.80,0.50
2008.03.19 21:04:36.039,1.9604,1.9612,0.80,0.50
2008.03.19 21:04:36.314,1.9604,1.9612,0.80,0.50
2008.03.19 21:04:36.583,1.9604,1.9612,0.80,0.50
2008.03.19 21:04:36.852,1.9604,1.9612,0.80,0.50
2008.03.19 21:04:37.126,1.9604,1.9612,0.80,0.50
2008.03.19 21:04:37.394,1.9604,1.9612,0.80,0.50
2008.03.19 21:04:37.663,1.9604,1.9612,0.80,0.50
2008.03.19 21:04:37.931,1.9604,1.9612,0.80,0.50
2008.03.19 21:04:38.199,1.9604,1.9612,0.80,0.50
2008.03.19 21:04:38.534,1.9604,1.9612,0.80,0.50
2008.03.19 21:04:38.868,1.9604,1.9612,0.80,0.50
2008.03.19 21:04:39.202,1.9603,1.9612,0.60,0.50
2008.03.19 21:04:39.443,1.9602,1.9612,0.80,0.50
2008.03.19 21:04:39.682,1.9602,1.9612,0.80,0.50
2008.03.19 21:04:39.922,1.9602,1.9612,4.80,0.50
2008.03.19 21:04:40.163,1.9602,1.9618,4.80,0.50
2008.03.19 21:04:40.485,1.9602,1.9618,4.80,0.50
2008.03.19 21:04:40.810,1.9602,1.9618,4.80,0.50
2008.03.19 21:04:41.134,1.9603,1.9618,4.00,0.50
2008.03.19 21:04:41.364,1.9603,1.9618,4.00,0.50
2008.03.19 21:04:41.588,1.9604,1.9618,0.80,0.50
2008.03.19 21:04:41.812,1.9604,1.9618,0.80,0.50
2008.03.19 21:04:42.034,1.9604,1.9618,0.80,0.50
2008.03.19 21:04:42.258,1.9604,1.9618,0.80,0.50
2008.03.19 21:04:42.583,1.9604,1.9618,0.80,0.50
2008.03.19 21:04:42.906,1.9604,1.9618,0.80,0.50
2008.03.19 21:04:43.240,1.9604,1.9618,0.80,0.50
2008.03.19 21:04:43.525,1.9604,1.9618,0.80,12.50
2008.03.19 21:04:43.809,1.9604,1.9617,0.80,4.00
2008.03.19 21:04:44.092,1.9604,1.9614,0.80,0.50
2008.03.19 21:04:44.384,1.9604,1.9614,0.80,0.50
2008.03.19 21:04:44.663,1.9604,1.9614,0.80,0.50
2008.03.19 21:04:44.943,1.9604,1.9614,0.80,0.50
2008.03.19 21:04:45.225,1.9604,1.9614,0.80,0.50
2008.03.19 21:04:45.443,1.9604,1.9614,0.80,0.50
2008.03.19 21:04:45.660,1.9604,1.9614,0.80,0.50
2008.03.19 21:04:45.881,1.9604,1.9614,0.80,0.50
2008.03.19 21:04:46.099,1.9604,1.9614,0.80,0.50
2008.03.19 21:04:46.317,1.9604,1.9614,0.80,0.50
2008.03.19 21:04:46.646,1.9604,1.9614,0.80,0.50
2008.03.19 21:04:46.975,1.9604,1.9614,0.80,0.50
2008.03.19 21:04:47.304,1.9604,1.9614,0.80,0.50
2008.03.19 21:04:47.508,1.9604,1.9614,0.80,0.50
2008.03.19 21:04:47.721,1.9604,1.9614,0.80,0.50
2008.03.19 21:04:47.916,1.9604,1.9614,0.80,0.50
2008.03.19 21:04:48.170,1.9604,1.9614,0.80,0.50
2008.03.19 21:04:48.373,1.9604,1.9614,0.80,0.50
2008.03.19 21:04:48.709,1.9602,1.9613,0.80,4.00
2008.03.19 21:04:49.042,1.9602,1.9613,0.80,4.00
2008.03.19 21:04:49.376,1.9602,1.9608,0.80,0.50
2008.03.19 21:04:49.609,1.9602,1.9608,0.80,0.50
2008.03.19 21:04:49.834,1.9602,1.9608,0.80,0.50
2008.03.19 21:04:50.058,1.9602,1.9608,0.80,0.50
2008.03.19 21:04:50.282,1.9602,1.9608,0.80,0.50
2008.03.19 21:04:50.616,1.96,1.9605,0.80,0.50
2008.03.19 21:04:50.950,1.96,1.9608,0.80,2.90
2008.03.19 21:04:51.284,1.96,1.9608,0.80,0.50
2008.03.19 21:04:51.493,1.96,1.9608,0.80,0.50
2008.03.19 21:04:51.703,1.96,1.9608,0.80,0.50
2008.03.19 21:04:51.912,1.96,1.9608,0.80,0.50
2008.03.19 21:04:52.122,1.96,1.9605,0.80,0.50
2008.03.19 21:04:52.332,1.96,1.9605,0.80,0.50
2008.03.19 21:04:52.660,1.96,1.9605,0.80,0.50
2008.03.19 21:04:52.989,1.96,1.9605,0.80,0.50
2008.03.19 21:04:53.318,1.96,1.9605,0.80,0.50
2008.03.19 21:04:53.602,1.96,1.9605,0.80,0.50
2008.03.19 21:04:53.886,1.96,1.9605,0.80,0.50
2008.03.19 21:04:54.170,1.96,1.9605,0.80,0.50
2008.03.19 21:04:54.454,1.96,1.9605,0.80,0.50
2008.03.19 21:04:54.693,1.96,1.9605,0.80,0.50
2008.03.19 21:04:54.932,1.96,1.9605,0.80,0.50
2008.03.19 21:04:55.171,1.96,1.9605,0.80,0.50
2008.03.19 21:04:55.409,1.96,1.9605,0.80,0.50
2008.03.19 21:04:55.703,1.96,1.9605,0.80,0.50
2008.03.19 21:04:55.997,1.96,1.9605,0.80,0.50
2008.03.19 21:04:56.290,1.96,1.9605,0.80,0.50
2008.03.19 21:04:56.587,1.96,1.9605,0.80,0.50
2008.03.19 21:04:56.821,1.96,1.9605,0.80,0.50
2008.03.19 21:04:57.054,1.96,1.9605,0.80,0.50
2008.03.19 21:04:57.287,1.96,1.9605,0.80,0.50
2008.03.19 21:04:57.521,1.96,1.9605,0.80,0.50
2008.03.19 21:04:57.851,1.9595,1.9605,4.00,0.50
2008.03.19 21:04:58.180,1.9594,1.9605,0.60,0.50
2008.03.19 21:04:58.509,1.9594,1.9605,0.60,0.50
2008.03.19 21:04:58.792,1.9594,1.9605,0.60,0.50
2008.03.19 21:04:59.076,1.9594,1.9605,0.60,0.50
2008.03.19 21:04:59.360,1.95935,1.9605,0.60,0.50
2008.03.19 21:04:59.644,1.95935,1.9605,0.60,0.50
2008.03.19 21:04:59.892,1.95935,1.9605,0.60,0.50
2008.03.19 21:05:00.145,1.95935,1.9605,0.60,0.50
2008.03.19 21:05:00.393,1.95935,1.9605,0.60,0.50
2008.03.19 21:05:00.641,1.95935,1.9605,0.60,0.50
2008.03.19 21:05:00.966,1.95935,1.9605,0.60,0.50
2008.03.19 21:05:01.289,1.95935,1.9605,0.60,0.50
2008.03.19 21:05:01.612,1.95935,1.9605,0.60,0.50
2008.03.19 21:05:01.837,1.95935,1.9605,0.60,0.50
2008.03.19 21:05:02.061,1.95935,1.9605,0.60,0.50
2008.03.19 21:05:02.285,1.95935,1.96025,0.60,0.30
2008.03.19 21:05:02.509,1.95935,1.96025,0.60,0.30
2008.03.19 21:05:02.848,1.9596,1.96025,1.60,0.30
2008.03.19 21:05:03.183,1.9594,1.96,1.60,0.30
2008.03.19 21:05:03.517,1.9595,1.9601,1.60,0.30
2008.03.19 21:05:03.806,1.9595,1.9601,1.60,0.70
2008.03.19 21:05:04.106,1.9595,1.9601,1.60,0.30
2008.03.19 21:05:04.405,1.9595,1.9601,1.60,0.30
2008.03.19 21:05:04.707,1.9595,1.9601,1.60,0.30
2008.03.19 21:05:04.960,1.9595,1.9601,1.60,0.30
2008.03.19 21:05:05.214,1.9595,1.9601,1.60,0.30
2008.03.19 21:05:05.468,1.9595,1.9601,1.60,0.30
2008.03.19 21:05:05.721,1.9595,1.9601,1.60,0.30
2008.03.19 21:05:05.990,1.9595,1.9601,1.60,0.30
2008.03.19 21:05:06.258,1.9595,1.9601,1.60,0.30
2008.03.19 21:05:06.527,1.9595,1.9601,1.60,0.30
2008.03.19 21:05:06.796,1.9595,1.9601,1.60,0.30
2008.03.19 21:05:07.046,1.9595,1.9601,1.60,0.30
2008.03.19 21:05:07.293,1.9595,1.9601,1.60,0.30
2008.03.19 21:05:07.551,1.9595,1.9601,1.60,0.30
2008.03.19 21:05:07.885,1.9595,1.9601,1.60,0.30
2008.03.19 21:05:08.217,1.9595,1.9601,1.60,0.30
2008.03.19 21:05:08.552,1.9595,1.9601,1.60,0.30
2008.03.19 21:05:08.811,1.9595,1.9601,1.60,0.30
2008.03.19 21:05:09.060,1.9595,1.9601,1.60,0.30
2008.03.19 21:05:09.307,1.9595,1.9601,1.60,0.30
2008.03.19 21:05:09.559,1.9595,1.9601,1.60,0.30
2008.03.19 21:05:09.818,1.9595,1.9601,1.60,0.30
2008.03.19 21:05:10.062,1.9595,1.9601,1.60,0.30
2008.03.19 21:05:10.316,1.9595,1.9601,1.60,0.30
2008.03.19 21:05:10.569,1.9595,1.9601,1.60,0.30
2008.03.19 21:05:10.833,1.9595,1.9601,1.60,0.30
2008.03.19 21:05:11.132,1.9595,1.9601,1.60,0.30
2008.03.19 21:05:11.440,1.9595,1.95985,1.60,0.30
2008.03.19 21:05:11.749,1.9592,1.95985,1.60,0.30
2008.03.19 21:05:12.004,1.9592,1.95985,1.60,0.30
2008.03.19 21:05:12.268,1.9592,1.95985,1.60,0.30
2008.03.19 21:05:12.512,1.9592,1.95985,1.60,0.30
2008.03.19 21:05:12.765,1.9592,1.95985,1.60,0.30
2008.03.19 21:05:13.078,1.9592,1.95985,1.60,0.30
2008.03.19 21:05:13.392,1.9592,1.95985,1.60,0.30
2008.03.19 21:05:13.716,1.9592,1.95985,1.60,0.30
2008.03.19 21:05:13.996,1.9592,1.95985,1.60,0.30
2008.03.19 21:05:14.275,1.9591,1.9597,1.60,0.30
2008.03.19 21:05:14.554,1.9591,1.9597,1.60,0.30
2008.03.19 21:05:14.833,1.9591,1.9597,1.60,0.30
2008.03.19 21:05:15.072,1.9591,1.9597,1.60,0.30
2008.03.19 21:05:15.310,1.9591,1.9597,1.60,0.30
2008.03.19 21:05:15.550,1.9591,1.9597,1.60,0.30
2008.03.19 21:05:15.789,1.9591,1.9597,1.60,0.30
2008.03.19 21:05:16.077,1.9591,1.9597,1.60,0.30
2008.03.19 21:05:16.366,1.9591,1.9597,1.60,0.30
2008.03.19 21:05:16.654,1.9591,1.9597,1.60,0.30
2008.03.19 21:05:16.908,1.9591,1.9597,1.60,0.30
2008.03.19 21:05:17.161,1.9591,1.9597,1.60,0.30
2008.03.19 21:05:17.414,1.9591,1.9597,1.60,0.30
2008.03.19 21:05:17.667,1.9591,1.9597,1.60,0.30
2008.03.19 21:05:17.920,1.9591,1.9597,1.60,0.30
2008.03.19 21:05:18.253,1.9591,1.9597,1.60,0.30
2008.03.19 21:05:18.587,1.9591,1.9597,1.60,0.30
2008.03.19 21:05:18.921,1.9591,1.9597,1.60,0.30
2008.03.19 21:05:19.164,1.9591,1.9597,1.60,0.30
2008.03.19 21:05:19.407,1.9591,1.9597,1.60,0.30
2008.03.19 21:05:19.650,1.9591,1.9597,1.60,0.30
2008.03.19 21:05:19.894,1.9591,1.9597,1.60,0.30
2008.03.19 21:05:20.178,1.9591,1.9597,1.60,0.30
2008.03.19 21:05:20.461,1.9591,1.9597,1.60,0.30
2008.03.19 21:05:20.744,1.9591,1.9597,1.60,0.30
2008.03.19 21:05:21.032,1.9591,1.9597,1.60,0.30
2008.03.19 21:05:21.323,1.9591,1.9597,1.60,0.30
2008.03.19 21:05:21.611,1.9591,1.9597,1.60,0.30
2008.03.19 21:05:21.899,1.9591,1.9597,1.60,0.30
2008.03.19 21:05:22.138,1.9591,1.9597,1.60,0.30
2008.03.19 21:05:22.377,1.9591,1.9597,1.60,0.30
2008.03.19 21:05:22.616,1.9591,1.9597,1.60,0.30
2008.03.19 21:05:22.857,1.9591,1.9597,1.60,0.30
2008.03.19 21:05:23.200,1.9588,1.9594,1.60,0.30
2008.03.19 21:05:23.534,1.9588,1.9594,1.60,0.80
2008.03.19 21:05:23.868,1.9588,1.9594,1.60,0.80
2008.03.19 21:05:24.158,1.9588,1.9595,1.60,1.60
2008.03.19 21:05:24.448,1.959,1.9596,1.60,0.30
2008.03.19 21:05:24.736,1.959,1.9596,1.60,0.30
2008.03.19 21:05:25.028,1.959,1.9596,1.60,0.30
2008.03.19 21:05:25.302,1.959,1.9596,1.60,0.30
2008.03.19 21:05:25.577,1.959,1.95955,1.60,0.30
2008.03.19 21:05:25.853,1.9584,1.9598,0.80,0.50
2008.03.19 21:05:26.126,1.9584,1.9598,0.80,0.50
2008.03.19 21:05:26.394,1.9578,1.9598,2.00,0.50
2008.03.19 21:05:26.662,1.9578,1.9598,2.00,0.50
2008.03.19 21:05:26.931,1.9578,1.9598,2.00,0.50
2008.03.19 21:05:27.203,1.9578,1.9598,2.00,0.50
2008.03.19 21:05:27.477,1.9578,1.9598,2.00,0.50
2008.03.19 21:05:27.750,1.9578,1.9598,2.00,0.50
2008.03.19 21:05:28.024,1.9578,1.9598,2.00,0.50
2008.03.19 21:05:28.359,1.95795,1.9598,0.60,0.50
2008.03.19 21:05:28.691,1.95795,1.9598,0.60,0.50
2008.03.19 21:05:29.025,1.95795,1.9588,0.60,0.50
2008.03.19 21:05:29.279,1.95795,1.9588,0.60,0.50
2008.03.19 21:05:29.532,1.95795,1.9588,0.60,0.50
2008.03.19 21:05:29.788,1.95795,1.9588,0.60,0.50
2008.03.19 21:05:30.041,1.95795,1.9588,0.60,0.50
2008.03.19 21:05:30.306,1.95795,1.9588,0.60,0.50
2008.03.19 21:05:30.569,1.95795,1.9588,0.60,0.50
2008.03.19 21:05:30.832,1.95795,1.9588,0.60,0.50
2008.03.19 21:05:31.096,1.95795,1.9588,0.60,0.50
2008.03.19 21:05:31.400,1.95795,1.9588,0.60,0.50
2008.03.19 21:05:31.705,1.95795,1.9588,0.60,0.50
2008.03.19 21:05:32.008,1.95795,1.9588,0.60,0.50
2008.03.19 21:05:32.242,1.95795,1.9588,0.60,0.50
2008.03.19 21:05:32.475,1.95795,1.9588,0.60,0.50
2008.03.19 21:05:32.708,1.95795,1.9588,0.60,0.50
2008.03.19 21:05:32.942,1.95795,1.9588,0.60,0.50
2008.03.19 21:05:33.276,1.95795,1.9588,0.60,0.50
2008.03.19 21:05:33.610,1.95785,1.95855,0.60,0.30
2008.03.19 21:05:33.944,1.9579,1.9586,1.60,1.60
2008.03.19 21:05:34.229,1.9581,1.95875,1.60,0.30
2008.03.19 21:05:34.513,1.9581,1.95875,1.60,0.30
2008.03.19 21:05:34.797,1.9581,1.95875,1.60,0.30
2008.03.19 21:05:35.081,1.9583,1.9588,1.60,2.10
2008.03.19 21:05:35.326,1.9583,1.95895,1.60,0.30
2008.03.19 21:05:35.570,1.9582,1.95885,1.60,0.30
2008.03.19 21:05:35.815,1.9582,1.95885,1.60,0.30
2008.03.19 21:05:36.059,1.9582,1.95885,1.60,0.30
2008.03.19 21:05:36.358,1.9582,1.95885,1.60,0.30
2008.03.19 21:05:36.657,1.9582,1.95885,1.60,0.30
2008.03.19 21:05:36.957,1.9582,1.95885,1.60,0.30
2008.03.19 21:05:37.256,1.9582,1.95885,1.60,0.30
2008.03.19 21:05:37.499,1.9582,1.95885,1.60,0.30
2008.03.19 21:05:37.744,1.9582,1.95885,1.60,0.30
2008.03.19 21:05:37.987,1.9582,1.95885,1.60,0.30
2008.03.19 21:05:38.231,1.9582,1.95885,1.60,0.30
2008.03.19 21:05:38.566,1.9582,1.95885,1.60,0.30
2008.03.19 21:05:38.901,1.9582,1.95865,1.60,0.30
2008.03.19 21:05:39.235,1.958,1.95865,1.60,0.30
2008.03.19 21:05:39.493,1.958,1.95865,1.60,0.30
2008.03.19 21:05:39.752,1.958,1.95865,1.60,0.30
2008.03.19 21:05:40.019,1.9581,1.9587,1.60,1.60
2008.03.19 21:05:40.298,1.9581,1.95875,1.60,0.30
2008.03.19 21:05:40.577,1.9581,1.95875,1.60,0.30
2008.03.19 21:05:40.856,1.9581,1.95875,1.60,0.30
2008.03.19 21:05:41.135,1.9581,1.95875,1.60,0.30
2008.03.19 21:05:41.414,1.9581,1.95875,1.60,0.30
2008.03.19 21:05:41.693,1.9581,1.95875,1.60,0.30
2008.03.19 21:05:41.972,1.9581,1.95875,1.60,0.30
2008.03.19 21:05:42.251,1.9581,1.95875,1.60,0.30
2008.03.19 21:05:42.525,1.9581,1.95875,1.60,0.30
2008.03.19 21:05:42.789,1.9581,1.95875,1.60,0.30
2008.03.19 21:05:43.055,1.9581,1.95875,1.60,0.30
2008.03.19 21:05:43.318,1.9581,1.95875,1.60,0.30
2008.03.19 21:05:43.652,1.9581,1.95875,1.60,0.30
2008.03.19 21:05:43.987,1.9581,1.95875,1.60,0.30
2008.03.19 21:05:44.321,1.9581,1.95875,1.60,0.30
2008.03.19 21:05:44.594,1.9581,1.95875,1.60,0.30
2008.03.19 21:05:44.869,1.9581,1.95865,1.60,0.30
2008.03.19 21:05:45.144,1.958,1.95865,1.60,0.30
2008.03.19 21:05:45.413,1.958,1.95865,1.60,0.30
2008.03.19 21:05:45.682,1.958,1.95865,1.60,0.30
2008.03.19 21:05:45.950,1.958,1.95865,1.60,0.30
2008.03.19 21:05:46.219,1.958,1.95865,1.60,0.30
2008.03.19 21:05:46.473,1.958,1.95865,1.60,0.30
2008.03.19 21:05:46.727,1.958,1.95865,1.60,0.30
2008.03.19 21:05:46.981,1.958,1.95865,1.60,0.30
2008.03.19 21:05:47.235,1.958,1.95865,1.60,0.30
2008.03.19 21:05:47.525,1.958,1.95865,1.60,0.30
2008.03.19 21:05:47.825,1.958,1.95865,1.60,0.30
2008.03.19 21:05:48.113,1.958,1.95865,1.60,0.30
2008.03.19 21:05:48.403,1.958,1.95865,1.60,0.30
2008.03.19 21:05:48.727,1.958,1.95865,1.60,0.30
2008.03.19 21:05:49.051,1.958,1.95865,1.60,0.30
2008.03.19 21:05:49.375,1.958,1.95865,1.60,0.30
2008.03.19 21:05:49.624,1.958,1.95865,1.60,0.30
2008.03.19 21:05:49.873,1.958,1.95865,1.60,0.30
2008.03.19 21:05:50.122,1.958,1.95865,1.60,0.30
2008.03.19 21:05:50.380,1.958,1.95865,1.60,0.30
2008.03.19 21:05:50.642,1.958,1.95865,1.60,0.30
2008.03.19 21:05:50.901,1.958,1.95865,1.60,0.30
2008.03.19 21:05:51.160,1.958,1.95865,1.60,0.30
2008.03.19 21:05:51.464,1.958,1.95865,1.60,0.30
2008.03.19 21:05:51.767,1.958,1.95865,1.60,0.30
2008.03.19 21:05:52.071,1.958,1.95865,1.60,0.30
2008.03.19 21:05:52.376,1.958,1.95865,1.60,0.30
2008.03.19 21:05:52.616,1.958,1.95865,1.60,0.30
2008.03.19 21:05:52.834,1.958,1.95865,1.60,0.30
2008.03.19 21:05:53.063,1.9582,1.9588,1.60,0.50
2008.03.19 21:05:53.292,1.9582,1.9588,1.60,0.50
2008.03.19 21:05:53.627,1.9582,1.9588,1.60,0.50
2008.03.19 21:05:53.961,1.9582,1.9588,1.60,0.50
2008.03.19 21:05:54.305,1.9582,1.9588,1.60,0.50
2008.03.19 21:05:54.583,1.9582,1.9588,1.60,0.50
2008.03.19 21:05:54.873,1.9582,1.9588,1.60,0.50
2008.03.19 21:05:55.163,1.9582,1.9588,1.60,0.50
2008.03.19 21:05:55.396,1.9582,1.9588,1.60,0.50
2008.03.19 21:05:55.631,1.9582,1.9588,1.60,0.50
2008.03.19 21:05:55.863,1.9582,1.9588,1.60,0.50
2008.03.19 21:05:56.098,1.9582,1.9588,1.60,0.50
2008.03.19 21:05:56.332,1.9582,1.9588,1.60,0.50
2008.03.19 21:05:56.636,1.9582,1.9588,1.60,0.50
2008.03.19 21:05:57.787,1.9582,1.9588,1.60,0.50
2008.03.19 21:05:57.880,1.9582,1.9588,1.60,0.50
2008.03.19 21:05:57.964,1.9582,1.9588,1.60,0.50
2008.03.19 21:05:58.049,1.9582,1.9588,1.60,0.50
2008.03.19 21:05:58.146,1.9582,1.9588,1.60,0.50
2008.03.19 21:05:58.242,1.9582,1.9588,1.60,0.50
2008.03.19 21:05:58.325,1.9582,1.9588,1.60,0.50
2008.03.19 21:05:58.464,1.9582,1.9588,1.60,0.50
2008.03.19 21:05:58.565,1.9582,1.9588,1.60,0.50
2008.03.19 21:05:58.666,1.9582,1.9588,1.60,0.50
2008.03.19 21:05:58.771,1.9582,1.9588,1.60,0.50
2008.03.19 21:05:58.853,1.9582,1.9588,1.60,0.50
2008.03.19 21:05:59.187,1.9582,1.9588,1.60,0.50
2008.03.19 21:05:59.523,1.958,1.95865,1.60,0.30
2008.03.19 21:05:59.857,1.958,1.95865,1.60,0.30
2008.03.19 21:06:00.103,1.958,1.95865,1.60,0.30
2008.03.19 21:06:00.348,1.9582,1.9588,1.60,0.50
2008.03.19 21:06:00.593,1.9582,1.9588,1.60,0.50
2008.03.19 21:06:00.837,1.9582,1.9588,1.60,0.50
2008.03.19 21:06:01.171,1.9582,1.9588,1.60,0.50
2008.03.19 21:06:01.505,1.9582,1.9588,1.60,0.50
2008.03.19 21:06:01.838,1.9582,1.9588,1.60,0.50
2008.03.19 21:06:02.052,1.9582,1.9588,1.60,0.50
2008.03.19 21:06:02.266,1.9582,1.9588,1.60,0.50
2008.03.19 21:06:02.480,1.9582,1.9588,1.60,0.50
2008.03.19 21:06:02.693,1.9582,1.9588,1.60,0.50
2008.03.19 21:06:02.907,1.9582,1.9588,1.60,0.50
2008.03.19 21:06:03.271,1.9582,1.9588,1.60,0.50
2008.03.19 21:06:03.612,1.9582,1.9588,1.60,0.50
2008.03.19 21:06:03.957,1.958,1.95865,1.60,0.70
2008.03.19 21:06:04.202,1.958,1.95865,1.60,0.70
2008.03.19 21:06:04.455,1.958,1.95865,1.60,0.30
2008.03.19 21:06:04.710,1.958,1.95865,1.60,0.30
2008.03.19 21:06:04.969,1.958,1.95865,1.60,0.30
2008.03.19 21:06:05.283,1.958,1.95865,1.60,0.30
2008.03.19 21:06:05.596,1.958,1.95865,1.60,0.30
2008.03.19 21:06:05.910,1.958,1.95865,1.60,0.30
2008.03.19 21:06:06.140,1.958,1.95865,1.60,0.30
2008.03.19 21:06:06.369,1.958,1.95865,1.60,0.30
2008.03.19 21:06:06.597,1.958,1.95865,1.60,0.30
2008.03.19 21:06:06.826,1.958,1.95865,1.60,0.30
2008.03.19 21:06:07.053,1.958,1.95865,1.60,0.30
2008.03.19 21:06:07.372,1.958,1.95865,1.60,0.30
2008.03.19 21:06:07.682,1.9581,1.95875,1.60,0.30
2008.03.19 21:06:07.991,1.9581,1.95875,1.60,0.30
2008.03.19 21:06:08.268,1.9581,1.95875,1.60,0.30
2008.03.19 21:06:08.546,1.9581,1.95875,1.60,0.30
2008.03.19 21:06:08.824,1.9581,1.95875,1.60,0.30
2008.03.19 21:06:09.103,1.9581,1.95875,1.60,0.30
2008.03.19 21:06:09.397,1.9581,1.95875,1.60,0.30
2008.03.19 21:06:09.692,1.9581,1.95875,1.60,0.30
2008.03.19 21:06:09.987,1.958,1.95865,1.60,0.30
2008.03.19 21:06:10.282,1.958,1.95865,1.60,0.30
2008.03.19 21:06:10.538,1.958,1.95865,1.60,0.30
2008.03.19 21:06:10.785,1.958,1.95865,1.60,0.30
2008.03.19 21:06:11.029,1.958,1.95865,1.60,0.30
2008.03.19 21:06:11.334,1.958,1.95865,1.60,0.30
2008.03.19 21:06:11.645,1.958,1.95865,1.60,0.30
2008.03.19 21:06:11.949,1.958,1.95865,1.60,0.30
2008.03.19 21:06:12.253,1.958,1.95865,1.60,0.30
2008.03.19 21:06:12.492,1.958,1.95865,1.60,0.30
2008.03.19 21:06:12.730,1.958,1.95865,1.60,0.30
2008.03.19 21:06:12.970,1.958,1.95865,1.60,0.30
2008.03.19 21:06:13.210,1.958,1.95865,1.60,0.30
2008.03.19 21:06:13.542,1.958,1.95865,1.60,0.30
2008.03.19 21:06:13.876,1.958,1.95865,1.60,0.30
2008.03.19 21:06:14.210,1.958,1.95865,1.60,0.30
2008.03.19 21:06:14.503,1.958,1.95865,1.60,0.30
2008.03.19 21:06:14.777,1.958,1.95865,1.60,0.30
2008.03.19 21:06:15.060,1.958,1.95865,1.60,0.30
2008.03.19 21:06:15.344,1.958,1.95865,1.60,0.30
2008.03.19 21:06:15.599,1.958,1.95865,1.60,0.30
2008.03.19 21:06:15.853,1.9578,1.95845,1.60,0.30
2008.03.19 21:06:16.108,1.9578,1.95845,1.60,0.30
2008.03.19 21:06:16.362,1.9578,1.9584,1.60,0.50
2008.03.19 21:06:16.632,1.9578,1.9584,1.60,0.50
2008.03.19 21:06:16.900,1.9578,1.9584,1.60,0.50
2008.03.19 21:06:17.169,1.9578,1.9584,1.50,0.50
2008.03.19 21:06:17.438,1.9578,1.9584,1.50,0.50
2008.03.19 21:06:17.712,1.9578,1.9584,1.50,0.50
2008.03.19 21:06:17.987,1.9578,1.9584,1.50,0.50
2008.03.19 21:06:18.261,1.9578,1.9584,1.50,0.50
2008.03.19 21:06:18.595,1.9578,1.9584,1.50,0.50
2008.03.19 21:06:18.930,1.9578,1.9584,1.50,0.50
2008.03.19 21:06:19.265,1.9578,1.9584,1.50,0.50
2008.03.19 21:06:19.479,1.9578,1.9584,1.50,0.50
2008.03.19 21:06:19.693,1.9578,1.95835,1.50,0.30
2008.03.19 21:06:19.907,1.9577,1.95835,1.50,0.30
2008.03.19 21:06:20.122,1.9577,1.95835,1.50,0.30
2008.03.19 21:06:20.345,1.9577,1.95835,1.50,0.30
2008.03.19 21:06:20.661,1.95705,1.958,0.60,0.50
2008.03.19 21:06:20.975,1.95705,1.958,0.60,0.50
2008.03.19 21:06:21.288,1.95705,1.958,0.60,0.50
2008.03.19 21:06:21.603,1.95705,1.958,0.60,0.50
2008.03.19 21:06:23.300,1.95705,1.958,0.60,0.50
2008.03.19 21:06:23.569,1.9568,1.9578,1.50,0.50
2008.03.19 21:06:23.625,1.9568,1.9578,1.50,0.50
2008.03.19 21:06:23.685,1.9568,1.9578,1.50,0.50
2008.03.19 21:06:23.744,1.9568,1.9578,1.50,0.50
2008.03.19 21:06:23.803,1.9568,1.958,1.50,0.50
2008.03.19 21:06:23.862,1.9568,1.958,2.00,0.50
2008.03.19 21:06:23.959,1.9568,1.958,2.00,0.50
2008.03.19 21:06:24.017,1.9568,1.9583,2.00,2.40
2008.03.19 21:06:24.082,1.9568,1.9584,2.00,0.50
2008.03.19 21:06:24.149,1.9568,1.9584,1.50,0.50
2008.03.19 21:06:24.209,1.9568,1.9584,1.50,0.50
2008.03.19 21:06:24.277,1.9568,1.9584,1.50,0.50
2008.03.19 21:06:24.346,1.95715,1.9582,0.60,0.60
2008.03.19 21:06:24.680,1.95715,1.9582,0.60,0.60
2008.03.19 21:06:25.015,1.95715,1.9582,0.60,0.60
2008.03.19 21:06:25.350,1.95715,1.9582,0.60,0.60
2008.03.19 21:06:25.573,1.95715,1.9582,0.60,0.60
2008.03.19 21:06:25.798,1.95715,1.9582,0.60,0.60
2008.03.19 21:06:26.022,1.95715,1.9582,0.60,0.60
2008.03.19 21:06:26.246,1.95715,1.9582,0.60,0.60
2008.03.19 21:06:26.470,1.95715,1.9582,0.60,0.60
2008.03.19 21:06:26.804,1.95715,1.9582,0.60,0.60
2008.03.19 21:06:27.138,1.95715,1.9582,0.60,0.60
2008.03.19 21:06:27.473,1.95715,1.9582,0.60,0.60
2008.03.19 21:06:27.708,1.9573,1.9582,0.60,0.60
2008.03.19 21:06:27.965,1.9574,1.9582,0.80,0.60
2008.03.19 21:06:28.199,1.9574,1.9582,0.80,0.60
2008.03.19 21:06:28.432,1.9574,1.9582,0.80,0.60
2008.03.19 21:06:28.767,1.9574,1.9582,0.80,0.60
2008.03.19 21:06:29.101,1.9574,1.9582,0.80,0.60
2008.03.19 21:06:29.444,1.9574,1.9582,0.80,0.60
2008.03.19 21:06:29.649,1.9574,1.9582,0.80,0.60
2008.03.19 21:06:29.862,1.9574,1.9582,0.80,0.60
2008.03.19 21:06:31.367,1.9572,1.9578,1.60,0.30
2008.03.19 21:06:31.537,1.9575,1.9581,1.60,0.30
2008.03.19 21:06:31.708,1.9575,1.9581,1.60,0.30
2008.03.19 21:06:31.860,1.9575,1.9581,1.60,0.30
2008.03.19 21:06:32.196,1.9574,1.958,1.60,0.30
2008.03.19 21:06:32.531,1.9574,1.958,1.60,0.30
2008.03.19 21:06:32.866,1.9574,1.958,1.60,0.30
2008.03.19 21:06:33.161,1.9574,1.958,1.60,0.30
2008.03.19 21:06:33.460,1.9574,1.958,1.60,0.30
2008.03.19 21:06:33.738,1.9574,1.958,1.60,0.30
2008.03.19 21:06:34.028,1.9574,1.958,1.60,0.30
2008.03.19 21:06:34.327,1.9574,1.958,1.60,0.30
2008.03.19 21:06:34.626,1.9574,1.958,1.60,0.30
2008.03.19 21:06:34.938,1.9575,1.9581,1.60,0.30
2008.03.19 21:06:35.198,1.9575,1.9581,1.60,0.30
2008.03.19 21:06:35.460,1.9575,1.9581,1.60,0.30
2008.03.19 21:06:35.718,1.9575,1.9581,1.60,0.30
2008.03.19 21:06:35.976,1.9575,1.9581,1.60,0.30
2008.03.19 21:06:36.268,1.9576,1.95815,1.60,0.30
2008.03.19 21:06:36.552,1.9576,1.9581,1.60,0.30
2008.03.19 21:06:36.837,1.9575,1.9581,1.60,0.30
2008.03.19 21:06:37.121,1.9575,1.9581,1.60,0.30
2008.03.19 21:06:37.381,1.9575,1.9581,1.60,0.30
2008.03.19 21:06:37.642,1.9574,1.95745,1.60,0.50
2008.03.19 21:06:37.908,1.957,1.9574,2.40,0.50
2008.03.19 21:06:38.167,1.957,1.9574,2.40,0.50
2008.03.19 21:06:38.501,1.957,1.9574,2.40,0.50
2008.03.19 21:06:38.837,1.957,1.9574,2.40,0.50
2008.03.19 21:06:39.171,1.957,1.9574,2.40,0.50
2008.03.19 21:06:39.426,1.957,1.9574,2.40,0.50
2008.03.19 21:06:39.690,1.957,1.9574,2.40,0.50
2008.03.19 21:06:39.935,1.957,1.9574,2.40,0.50
2008.03.19 21:06:40.190,1.957,1.9574,0.80,0.50
2008.03.19 21:06:40.471,1.9569,1.9572,1.60,0.50
2008.03.19 21:06:40.750,1.9569,1.9572,1.60,0.50
2008.03.19 21:06:41.028,1.9569,1.9572,1.60,0.50
2008.03.19 21:06:41.322,1.9569,1.9572,1.60,0.50
2008.03.19 21:06:41.615,1.9569,1.9572,1.60,0.50
2008.03.19 21:06:41.909,1.9569,1.9572,1.60,0.50
2008.03.19 21:06:42.205,1.9567,1.9572,1.60,0.50
2008.03.19 21:06:42.456,1.9567,1.9572,1.60,0.50
2008.03.19 21:06:42.709,1.9567,1.9572,1.60,0.50
2008.03.19 21:06:42.959,1.9567,1.9572,1.60,0.50
2008.03.19 21:06:43.208,1.9567,1.9572,1.60,0.50
2008.03.19 21:06:43.542,1.9567,1.9572,1.60,0.50
2008.03.19 21:06:43.877,1.9567,1.9572,1.60,0.50
2008.03.19 21:06:44.211,1.9567,1.9572,1.60,0.50
2008.03.19 21:06:44.465,1.9567,1.9572,1.60,0.50
2008.03.19 21:06:44.718,1.9567,1.9572,1.60,0.50
2008.03.19 21:06:44.972,1.9567,1.9572,1.60,0.50
2008.03.19 21:06:45.226,1.9567,1.9572,1.60,0.50
2008.03.19 21:06:45.532,1.9568,1.9572,1.60,0.50
2008.03.19 21:06:45.836,1.9568,1.9572,1.60,0.50
2008.03.19 21:06:46.142,1.9568,1.9572,2.40,0.50
2008.03.19 21:06:46.391,1.9568,1.9572,2.40,0.50
2008.03.19 21:06:46.640,1.9568,1.9572,2.40,0.50
2008.03.19 21:06:46.895,1.9568,1.9572,2.40,0.50
2008.03.19 21:06:47.144,1.9568,1.9572,2.40,0.50
2008.03.19 21:06:47.418,1.9568,1.9574,2.40,0.80
2008.03.19 21:06:47.693,1.9566,1.9573,1.60,2.10
2008.03.19 21:06:47.968,1.9567,1.9573,1.60,0.50
2008.03.19 21:06:48.242,1.9567,1.9573,1.60,0.50
2008.03.19 21:06:48.572,1.9567,1.9573,1.60,0.50
2008.03.19 21:06:48.905,1.9567,1.9573,1.60,0.50
2008.03.19 21:06:49.234,1.9567,1.9573,1.60,0.50
2008.03.19 21:06:49.483,1.9567,1.9573,1.60,0.50
2008.03.19 21:06:49.733,1.957,1.9576,1.50,0.70
2008.03.19 21:06:49.982,1.957,1.9576,1.50,0.30
2008.03.19 21:06:50.231,1.957,1.9576,1.50,0.30
2008.03.19 21:06:50.511,1.957,1.9576,1.50,0.30
2008.03.19 21:06:50.791,1.957,1.9576,1.50,0.30
2008.03.19 21:06:51.071,1.957,1.9576,1.50,0.30
2008.03.19 21:06:51.352,1.957,1.9576,1.50,0.30
2008.03.19 21:06:51.640,1.957,1.9576,1.50,0.30
2008.03.19 21:06:51.929,1.957,1.95725,1.50,0.30
2008.03.19 21:06:52.220,1.9566,1.95725,1.50,0.30
2008.03.19 21:06:52.509,1.9567,1.95725,0.60,0.30
2008.03.19 21:06:52.782,1.9567,1.9574,1.50,1.60
2008.03.19 21:06:53.054,1.9569,1.95755,1.50,0.30
2008.03.19 21:06:53.322,1.957,1.95755,1.50,0.30
2008.03.19 21:06:53.625,1.957,1.95755,1.50,0.30
2008.03.19 21:06:53.928,1.957,1.95755,1.50,0.30
2008.03.19 21:06:54.242,1.957,1.95755,1.50,0.30
2008.03.19 21:06:54.555,1.957,1.9576,1.50,0.60
2008.03.19 21:06:54.835,1.9567,1.9573,1.50,0.30
2008.03.19 21:06:55.124,1.9567,1.9573,1.50,0.30
2008.03.19 21:06:55.414,1.9567,1.9573,1.50,0.30
2008.03.19 21:06:55.693,1.9567,1.9572,1.50,0.50
2008.03.19 21:06:55.978,1.9567,1.9572,1.50,0.50
2008.03.19 21:06:56.268,1.9567,1.9572,1.50,0.50
2008.03.19 21:06:56.540,1.9567,1.9572,1.50,0.50
2008.03.19 21:06:56.801,1.9567,1.9572,1.50,0.50
2008.03.19 21:06:57.061,1.9567,1.9572,1.50,0.50
2008.03.19 21:06:57.320,1.9567,1.9572,1.50,0.50
2008.03.19 21:06:57.584,1.9567,1.9572,1.50,0.50
2008.03.19 21:06:57.828,1.9567,1.9572,1.50,0.50
2008.03.19 21:06:58.082,1.9567,1.9572,1.50,0.50
2008.03.19 21:06:58.380,1.9567,1.9572,1.50,0.50
2008.03.19 21:06:58.714,1.9567,1.9572,1.50,0.50
2008.03.19 21:06:59.058,1.9567,1.9572,1.50,0.50
2008.03.19 21:06:59.392,1.9567,1.9572,1.50,0.50
2008.03.19 21:06:59.636,1.9567,1.9572,1.60,0.50
2008.03.19 21:06:59.880,1.9567,1.9572,1.60,0.50
2008.03.19 21:07:00.125,1.9567,1.9572,1.60,0.50
2008.03.19 21:07:00.369,1.9567,1.9572,1.60,0.50
2008.03.19 21:07:00.649,1.9567,1.9572,1.60,0.50
2008.03.19 21:07:00.927,1.9567,1.9572,1.60,0.50
2008.03.19 21:07:01.206,1.9567,1.9572,1.60,0.50
2008.03.19 21:07:01.486,1.9567,1.9572,1.60,0.50
2008.03.19 21:07:01.790,1.9567,1.9572,1.60,0.50
2008.03.19 21:07:02.094,1.9567,1.9572,1.60,0.50
2008.03.19 21:07:02.399,1.9567,1.9572,1.60,0.50
2008.03.19 21:07:02.674,1.9567,1.9572,1.60,0.50
2008.03.19 21:07:02.946,1.9567,1.9572,1.60,0.50
2008.03.19 21:07:03.223,1.9567,1.9572,1.60,0.50
2008.03.19 21:07:03.495,1.9567,1.9572,1.60,0.50
2008.03.19 21:07:03.829,1.9567,1.9572,1.60,0.50
2008.03.19 21:07:04.164,1.9567,1.9572,1.60,0.50
2008.03.19 21:07:04.497,1.9567,1.9572,1.60,0.50
2008.03.19 21:07:04.698,1.9567,1.9572,1.60,0.50
2008.03.19 21:07:04.897,1.9567,1.9572,1.60,0.50
2008.03.19 21:07:05.097,1.9567,1.9572,1.60,0.50
2008.03.19 21:07:05.306,1.9567,1.9572,1.60,0.50
2008.03.19 21:07:05.494,1.9567,1.9572,1.60,0.50
2008.03.19 21:07:05.828,1.9568,1.9573,1.60,0.50
2008.03.19 21:07:06.164,1.9569,1.95745,1.60,0.30
2008.03.19 21:07:06.499,1.9569,1.9574,1.60,0.60
2008.03.19 21:07:06.727,1.9569,1.9574,1.60,0.60
2008.03.19 21:07:06.954,1.9569,1.9574,1.60,0.60
2008.03.19 21:07:07.182,1.9569,1.9574,1.60,0.60
2008.03.19 21:07:07.411,1.9569,1.95735,1.60,0.30
2008.03.19 21:07:07.643,1.9567,1.957,1.60,0.50
2008.03.19 21:07:07.977,1.9565,1.957,1.60,0.50
2008.03.19 21:07:08.391,1.9565,1.957,1.60,0.50
2008.03.19 21:07:08.725,1.9565,1.957,1.60,0.50
2008.03.19 21:07:09.015,1.9565,1.957,1.60,0.50
2008.03.19 21:07:09.304,1.9565,1.957,1.60,0.50
2008.03.19 21:07:09.592,1.9565,1.957,1.60,0.50
2008.03.19 21:07:09.852,1.9564,1.957,1.60,0.80
2008.03.19 21:07:10.110,1.9564,1.957,1.60,0.80
2008.03.19 21:07:10.368,1.9564,1.957,1.60,0.80
2008.03.19 21:07:10.628,1.9564,1.957,1.60,0.80
2008.03.19 21:07:10.891,1.9564,1.957,1.60,0.80
2008.03.19 21:07:11.154,1.9564,1.957,1.60,0.80
2008.03.19 21:07:11.417,1.9564,1.957,1.60,0.80
2008.03.19 21:07:11.681,1.9564,1.957,1.60,0.80
2008.03.19 21:07:11.986,1.9564,1.957,1.60,0.80
2008.03.19 21:07:12.289,1.9564,1.957,1.60,0.80
2008.03.19 21:07:12.603,1.9564,1.957,1.60,0.80
2008.03.19 21:07:12.867,1.9564,1.957,1.60,0.50
2008.03.19 21:07:13.141,1.9565,1.957,1.60,0.50
2008.03.19 21:07:13.415,1.9565,1.957,1.60,0.50
2008.03.19 21:07:13.689,1.9565,1.957,1.60,0.50
2008.03.19 21:07:14.008,1.9565,1.957,1.60,0.50
2008.03.19 21:07:14.327,1.9565,1.957,1.60,0.50
2008.03.19 21:07:14.646,1.9565,1.957,1.60,0.50
2008.03.19 21:07:14.865,1.9565,1.957,1.60,0.50
2008.03.19 21:07:15.084,1.9565,1.957,1.60,0.50
2008.03.19 21:07:15.302,1.9565,1.957,1.60,0.50
2008.03.19 21:07:15.520,1.9565,1.957,1.60,0.50
2008.03.19 21:07:15.738,1.9565,1.957,1.60,0.50
2008.03.19 21:07:16.082,1.9565,1.957,1.60,0.50
2008.03.19 21:07:16.406,1.9565,1.957,1.60,0.50
2008.03.19 21:07:16.740,1.9565,1.957,1.60,0.50
2008.03.19 21:07:16.954,1.9565,1.957,1.60,0.50
2008.03.19 21:07:17.168,1.9565,1.957,1.60,0.50
2008.03.19 21:07:17.383,1.9565,1.957,1.60,0.50
2008.03.19 21:07:17.597,1.9565,1.957,1.60,0.50
2008.03.19 21:07:17.811,1.9565,1.957,1.60,0.50
2008.03.19 21:07:18.144,1.9564,1.957,0.60,0.50
2008.03.19 21:07:18.479,1.9564,1.957,0.60,0.50
2008.03.19 21:07:18.813,1.9564,1.957,0.60,0.50
2008.03.19 21:07:19.086,1.9564,1.957,0.60,0.50
2008.03.19 21:07:19.361,1.9564,1.957,0.60,0.50
2008.03.19 21:07:19.635,1.9564,1.957,0.60,0.50
2008.03.19 21:07:19.909,1.9564,1.957,0.60,0.50
2008.03.19 21:07:20.179,1.9564,1.957,0.60,0.50
2008.03.19 21:07:20.458,1.9564,1.957,0.60,0.50
2008.03.19 21:07:20.726,1.9564,1.957,0.60,0.50
2008.03.19 21:07:20.971,1.9564,1.957,0.60,0.50
2008.03.19 21:07:21.215,1.9564,1.957,0.60,0.50
2008.03.19 21:07:21.459,1.9564,1.957,0.60,0.50
2008.03.19 21:07:21.702,1.9564,1.957,0.60,0.50
2008.03.19 21:07:21.947,1.9564,1.957,0.60,0.50
2008.03.19 21:07:22.277,1.9565,1.9573,0.80,0.50
2008.03.19 21:07:22.606,1.9565,1.9573,0.80,0.50
2008.03.19 21:07:22.937,1.9565,1.9573,0.80,0.50
2008.03.19 21:07:23.230,1.9565,1.9573,0.80,0.50
2008.03.19 21:07:23.524,1.9565,1.9573,0.80,0.50
2008.03.19 21:07:23.819,1.9565,1.9573,0.80,0.50
2008.03.19 21:07:24.075,1.9565,1.9573,0.60,0.50
2008.03.19 21:07:24.340,1.9565,1.9573,0.60,0.50
2008.03.19 21:07:24.594,1.9565,1.9573,0.60,0.50
2008.03.19 21:07:24.847,1.9565,1.9573,0.60,0.50
2008.03.19 21:07:25.142,1.9564,1.9573,0.60,0.50
2008.03.19 21:07:25.437,1.9564,1.9571,0.60,0.50
2008.03.19 21:07:25.733,1.9564,1.9571,0.60,0.50
2008.03.19 21:07:26.038,1.9564,1.9571,0.60,0.50
2008.03.19 21:07:26.338,1.9564,1.9571,0.60,0.50
2008.03.19 21:07:26.636,1.9564,1.9571,0.60,0.50
2008.03.19 21:07:26.936,1.9564,1.9571,0.60,0.50
2008.03.19 21:07:27.181,1.9564,1.9571,0.60,0.50
2008.03.19 21:07:27.414,1.9564,1.9571,0.60,0.50
2008.03.19 21:07:27.647,1.9564,1.9571,0.60,0.50
2008.03.19 21:07:27.882,1.9564,1.9571,0.60,0.50
2008.03.19 21:07:28.216,1.9564,1.9571,0.60,0.50
2008.03.19 21:07:28.549,1.9564,1.9571,0.60,0.50
2008.03.19 21:07:28.883,1.9564,1.9571,0.60,0.50
2008.03.19 21:07:29.133,1.9564,1.9571,0.60,0.50
2008.03.19 21:07:29.381,1.9564,1.9571,0.60,0.50
2008.03.19 21:07:29.631,1.9564,1.9571,0.60,0.50
2008.03.19 21:07:29.879,1.9564,1.9571,0.60,0.50
2008.03.19 21:07:30.148,1.9564,1.9571,0.60,0.50
2008.03.19 21:07:30.418,1.9564,1.9571,0.60,0.50
2008.03.19 21:07:30.687,1.9564,1.9571,0.60,0.50
2008.03.19 21:07:30.957,1.9565,1.9571,0.60,0.50
2008.03.19 21:07:31.212,1.9566,1.9571,0.60,0.50
2008.03.19 21:07:31.478,1.9566,1.9572,0.60,0.50
2008.03.19 21:07:31.722,1.9566,1.9572,0.60,0.50
2008.03.19 21:07:31.975,1.9566,1.9572,0.60,0.50
2008.03.19 21:07:32.299,1.9566,1.9572,0.60,0.50
2008.03.19 21:07:32.624,1.9566,1.9572,0.60,0.50
2008.03.19 21:07:32.949,1.9566,1.9572,0.60,0.50
2008.03.19 21:07:33.242,1.9566,1.9572,0.60,0.50
2008.03.19 21:07:33.536,1.9566,1.9572,0.60,0.50
2008.03.19 21:07:33.830,1.9566,1.9572,0.60,0.50
2008.03.19 21:07:34.125,1.9565,1.9571,0.60,0.50
2008.03.19 21:07:34.405,1.9564,1.9571,0.60,0.50
2008.03.19 21:07:34.692,1.9564,1.9571,0.60,0.50
2008.03.19 21:07:34.972,1.9564,1.957,0.60,0.50
2008.03.19 21:07:35.257,1.9564,1.957,0.60,0.50
2008.03.19 21:07:35.541,1.9564,1.957,0.60,0.50
2008.03.19 21:07:35.827,1.9564,1.957,0.60,0.50
2008.03.19 21:07:36.112,1.9564,1.957,0.60,0.50
2008.03.19 21:07:36.369,1.9564,1.957,0.60,0.50
2008.03.19 21:07:36.628,1.9564,1.957,0.60,0.50
2008.03.19 21:07:36.887,1.9564,1.957,0.60,0.50
2008.03.19 21:07:37.146,1.9564,1.957,0.60,0.50
2008.03.19 21:07:37.410,1.9564,1.957,0.60,0.50
2008.03.19 21:07:37.674,1.9564,1.957,0.60,0.50
2008.03.19 21:07:37.938,1.9564,1.957,0.60,0.50
2008.03.19 21:07:38.212,1.9564,1.957,0.60,0.50
2008.03.19 21:07:38.500,1.9564,1.957,0.60,0.50
2008.03.19 21:07:38.799,1.9564,1.957,0.60,0.50
2008.03.19 21:07:39.098,1.9564,1.957,0.60,0.50
2008.03.19 21:07:39.361,1.9564,1.957,0.60,0.50
2008.03.19 21:07:39.620,1.9564,1.957,0.60,0.50
2008.03.19 21:07:39.879,1.9564,1.957,0.60,0.50
2008.03.19 21:07:40.139,1.9564,1.957,0.60,0.50
2008.03.19 21:07:40.403,1.9564,1.957,0.60,0.50
2008.03.19 21:07:40.666,1.9564,1.957,0.60,0.50
2008.03.19 21:07:40.930,1.9564,1.957,0.60,0.50
2008.03.19 21:07:41.195,1.9564,1.957,0.60,0.50
2008.03.19 21:07:41.459,1.9564,1.957,0.60,0.50
2008.03.19 21:07:41.723,1.9564,1.957,0.60,0.50
2008.03.19 21:07:41.987,1.9564,1.957,0.60,0.50
2008.03.19 21:07:42.253,1.9564,1.957,0.60,0.50
2008.03.19 21:07:42.556,1.9563,1.957,0.60,0.50
2008.03.19 21:07:42.851,1.9563,1.957,0.60,0.50
2008.03.19 21:07:43.145,1.9563,1.957,0.60,0.50
2008.03.19 21:07:43.438,1.9563,1.957,0.60,0.50
2008.03.19 21:07:43.727,1.9563,1.957,0.60,0.50
2008.03.19 21:07:44.016,1.9563,1.957,0.60,0.50
2008.03.19 21:07:44.305,1.9563,1.957,0.60,0.50
2008.03.19 21:07:44.575,1.9563,1.957,0.60,0.50
2008.03.19 21:07:44.844,1.9563,1.957,0.60,0.50
2008.03.19 21:07:46.543,1.9563,1.957,0.60,0.50
2008.03.19 21:07:46.669,1.9562,1.957,0.60,0.50
2008.03.19 21:07:46.789,1.9562,1.9569,0.60,0.50
2008.03.19 21:07:46.909,1.9562,1.9569,0.60,0.50
2008.03.19 21:07:47.029,1.9562,1.9569,0.60,0.50
2008.03.19 21:07:47.148,1.9562,1.9569,0.60,0.50
2008.03.19 21:07:47.267,1.9562,1.9569,0.60,0.50
2008.03.19 21:07:47.387,1.9562,1.9569,0.60,0.50
2008.03.19 21:07:47.507,1.9562,1.9569,0.60,0.50
2008.03.19 21:07:47.626,1.9562,1.9569,0.60,0.50
2008.03.19 21:07:47.961,1.9562,1.9569,0.60,0.50
2008.03.19 21:07:48.296,1.9562,1.9569,0.60,0.50
2008.03.19 21:07:48.641,1.9562,1.9569,0.60,0.50
2008.03.19 21:07:48.912,1.9562,1.9569,0.60,0.50
2008.03.19 21:07:49.167,1.9562,1.9569,0.60,0.50
2008.03.19 21:07:49.422,1.9562,1.9569,0.60,0.50
2008.03.19 21:07:49.676,1.9562,1.9569,0.60,0.50
2008.03.19 21:07:49.957,1.9563,1.957,0.60,0.50
2008.03.19 21:07:50.242,1.9563,1.957,0.60,0.50
2008.03.19 21:07:50.521,1.9563,1.957,0.60,0.50
2008.03.19 21:07:50.800,1.9563,1.957,0.60,0.50
2008.03.19 21:07:51.064,1.9563,1.957,0.60,0.50
2008.03.19 21:07:51.329,1.9563,1.957,0.60,0.50
2008.03.19 21:07:51.593,1.9563,1.957,0.60,0.50
2008.03.19 21:07:51.858,1.9563,1.957,0.60,0.50
2008.03.19 21:07:52.159,1.9567,1.9572,1.20,0.50
2008.03.19 21:07:52.461,1.9569,1.9576,0.80,0.50
2008.03.19 21:07:52.759,1.9569,1.9576,0.80,0.50
2008.03.19 21:07:53.034,1.9569,1.9576,0.80,0.50
2008.03.19 21:07:53.320,1.9569,1.9576,0.80,0.50
2008.03.19 21:07:53.615,1.957,1.9576,0.80,0.50
2008.03.19 21:07:53.890,1.9569,1.9576,0.80,0.50
2008.03.19 21:07:54.180,1.9569,1.9576,0.80,0.50
2008.03.19 21:07:54.469,1.9569,1.9576,0.80,0.50
2008.03.19 21:07:54.758,1.9569,1.9576,0.80,0.50
2008.03.19 21:07:55.046,1.9569,1.9576,0.80,0.50
2008.03.19 21:07:55.335,1.9571,1.9581,0.80,1.00
2008.03.19 21:07:55.615,1.9571,1.9581,0.80,0.50
2008.03.19 21:07:55.894,1.9571,1.9581,0.80,0.50
2008.03.19 21:07:56.148,1.9571,1.9581,0.80,0.50
2008.03.19 21:07:56.402,1.9571,1.9581,0.80,0.50
2008.03.19 21:07:56.656,1.9571,1.9581,0.80,0.50
2008.03.19 21:07:56.910,1.9571,1.9581,0.80,0.50
2008.03.19 21:07:57.184,1.9571,1.9581,0.80,0.50
2008.03.19 21:07:57.459,1.9571,1.9581,0.80,0.50
2008.03.19 21:07:57.734,1.9571,1.9581,0.80,0.50
2008.03.19 21:07:58.008,1.9571,1.9581,0.80,0.50
2008.03.19 21:07:58.297,1.9571,1.9581,0.80,0.50
2008.03.19 21:07:58.585,1.9571,1.9581,0.80,0.50
2008.03.19 21:07:58.877,1.95665,1.958,0.60,0.50
2008.03.19 21:07:59.166,1.95665,1.958,0.60,0.50
2008.03.19 21:07:59.466,1.95615,1.9575,0.60,0.50
2008.03.19 21:07:59.755,1.95615,1.9575,0.60,0.50
2008.03.19 21:08:00.044,1.95615,1.9575,0.60,0.50
2008.03.19 21:08:00.278,1.95615,1.9575,0.60,0.50
2008.03.19 21:08:00.511,1.95635,1.9577,0.60,0.50
2008.03.19 21:08:00.746,1.95635,1.9577,0.60,0.50
2008.03.19 21:08:00.980,1.95635,1.9577,0.60,0.50
2008.03.19 21:08:01.274,1.95635,1.9577,0.60,0.50
2008.03.19 21:08:01.567,1.95635,1.9577,0.60,0.50
2008.03.19 21:08:01.862,1.95635,1.9577,0.60,0.50
2008.03.19 21:08:02.167,1.95695,1.9577,0.60,0.50
2008.03.19 21:08:02.458,1.95695,1.9579,0.60,0.50
2008.03.19 21:08:02.737,1.95695,1.9578,0.60,0.50
2008.03.19 21:08:03.016,1.95695,1.9578,0.60,0.50
2008.03.19 21:08:03.304,1.95695,1.9578,0.60,0.50
2008.03.19 21:08:03.594,1.95695,1.9578,0.60,0.50
2008.03.19 21:08:03.887,1.95695,1.9578,0.60,0.50
2008.03.19 21:08:04.186,1.9569,1.9574,0.80,0.50
2008.03.19 21:08:04.471,1.9569,1.9574,0.80,0.50
2008.03.19 21:08:04.764,1.9569,1.9574,0.80,0.50
2008.03.19 21:08:05.058,1.9569,1.9574,0.80,0.50
2008.03.19 21:08:05.292,1.9569,1.9574,0.80,0.50
2008.03.19 21:08:05.526,1.9569,1.9574,0.80,0.50
2008.03.19 21:08:05.760,1.9569,1.9574,0.80,0.50
2008.03.19 21:08:05.993,1.9569,1.9574,0.80,0.50
2008.03.19 21:08:06.329,1.9569,1.9574,0.80,0.50
2008.03.19 21:08:06.663,1.9565,1.9574,1.20,0.50
2008.03.19 21:08:06.997,1.9565,1.9574,1.20,0.50
2008.03.19 21:08:07.211,1.9565,1.9574,1.20,0.50
2008.03.19 21:08:07.425,1.9565,1.9574,1.20,0.50
2008.03.19 21:08:07.639,1.9566,1.9574,0.60,0.50
2008.03.19 21:08:07.854,1.9566,1.9572,0.60,0.50
2008.03.19 21:08:08.067,1.9566,1.9572,0.60,0.50
2008.03.19 21:08:08.402,1.9566,1.9572,0.60,0.50
2008.03.19 21:08:08.737,1.9566,1.9572,0.60,0.50
2008.03.19 21:08:09.071,1.9567,1.9574,0.60,0.50
2008.03.19 21:08:09.326,1.9567,1.9577,0.60,2.40
2008.03.19 21:08:09.590,1.95685,1.9578,0.60,0.50
2008.03.19 21:08:09.844,1.95685,1.9578,0.60,0.50
2008.03.19 21:08:10.098,1.95685,1.9578,0.60,0.50
2008.03.19 21:08:10.372,1.95685,1.9578,0.60,0.50
2008.03.19 21:08:10.647,1.95685,1.9578,0.60,0.50
2008.03.19 21:08:10.920,1.95685,1.9578,0.60,0.50
2008.03.19 21:08:11.195,1.95685,1.9578,0.60,0.50
2008.03.19 21:08:11.469,1.95695,1.9578,0.60,0.50
2008.03.19 21:08:11.743,1.95695,1.9578,0.60,0.50
2008.03.19 21:08:12.018,1.95695,1.9578,0.60,0.50
2008.03.19 21:08:12.291,1.95695,1.9578,0.60,0.50
2008.03.19 21:08:12.574,1.95695,1.9578,0.60,0.50
2008.03.19 21:08:12.859,1.95695,1.9578,0.60,0.50
2008.03.19 21:08:13.143,1.95695,1.9578,0.60,0.50
2008.03.19 21:08:13.417,1.95695,1.9578,0.60,0.50
2008.03.19 21:08:13.691,1.9568,1.9578,0.60,0.50
2008.03.19 21:08:13.967,1.9568,1.9575,0.60,0.50
2008.03.19 21:08:14.241,1.9568,1.9575,0.60,0.50
2008.03.19 21:08:14.549,1.9568,1.9575,0.60,0.50
2008.03.19 21:08:14.861,1.9569,1.9576,0.60,0.50
2008.03.19 21:08:15.173,1.9569,1.9576,0.60,0.50
2008.03.19 21:08:15.387,1.9569,1.9576,0.60,0.50
2008.03.19 21:08:15.602,1.9569,1.9576,0.60,0.50
2008.03.19 21:08:15.816,1.9569,1.9576,0.60,0.50
2008.03.19 21:08:16.029,1.9569,1.9576,0.60,0.50
2008.03.19 21:08:16.244,1.9569,1.9576,0.60,0.50
2008.03.19 21:08:16.579,1.95685,1.9576,0.60,0.50
2008.03.19 21:08:16.913,1.95685,1.9575,0.60,0.50
2008.03.19 21:08:17.247,1.95685,1.9575,0.60,0.50
2008.03.19 21:08:17.467,1.95695,1.9575,0.60,0.50
2008.03.19 21:08:17.687,1.95695,1.9575,0.60,0.50
2008.03.19 21:08:17.905,1.95695,1.9575,0.60,0.50
2008.03.19 21:08:18.124,1.95695,1.9576,0.60,0.50
2008.03.19 21:08:18.344,1.95695,1.9576,0.60,0.50
2008.03.19 21:08:18.676,1.95695,1.9576,0.60,0.50
2008.03.19 21:08:19.025,1.95705,1.9576,0.60,0.50
2008.03.19 21:08:19.346,1.95705,1.9576,0.60,0.50
2008.03.19 21:08:19.595,1.95705,1.9576,0.60,0.50
2008.03.19 21:08:19.844,1.95705,1.9576,0.60,0.50
2008.03.19 21:08:20.093,1.95705,1.9576,0.60,0.50
2008.03.19 21:08:20.342,1.95705,1.9576,0.60,0.50
2008.03.19 21:08:20.621,1.95705,1.9576,0.60,0.50
2008.03.19 21:08:20.900,1.95705,1.9576,0.60,0.50
2008.03.19 21:08:21.179,1.95705,1.9576,0.60,0.50
2008.03.19 21:08:21.458,1.95705,1.9576,0.60,0.50
2008.03.19 21:08:21.727,1.95705,1.9576,0.60,0.50
2008.03.19 21:08:21.996,1.95705,1.9576,0.60,0.50
2008.03.19 21:08:22.264,1.95705,1.9576,0.60,0.50
2008.03.19 21:08:22.547,1.95705,1.9576,0.60,0.50
2008.03.19 21:08:22.833,1.95705,1.9576,0.60,0.50
2008.03.19 21:08:23.116,1.957,1.9576,0.80,0.50
2008.03.19 21:08:23.399,1.957,1.9576,0.80,0.50
2008.03.19 21:08:23.679,1.957,1.9576,0.80,0.50
2008.03.19 21:08:23.958,1.957,1.9576,0.80,0.50
2008.03.19 21:08:24.236,1.957,1.9576,0.80,0.50
2008.03.19 21:08:24.516,1.957,1.9576,0.80,0.50
2008.03.19 21:08:24.800,1.957,1.9576,0.80,0.50
2008.03.19 21:08:25.085,1.957,1.9576,0.80,0.50
2008.03.19 21:08:25.369,1.957,1.9576,0.80,0.50
2008.03.19 21:08:25.615,1.9568,1.9576,0.80,0.50
2008.03.19 21:08:25.870,1.9568,1.9576,0.80,0.50
2008.03.19 21:08:26.106,1.9569,1.9578,0.60,0.50
2008.03.19 21:08:26.349,1.9569,1.9578,0.60,0.50
2008.03.19 21:08:26.684,1.9569,1.9578,0.60,0.50
2008.03.19 21:08:27.018,1.9569,1.9578,0.60,0.50
2008.03.19 21:08:27.353,1.9569,1.9578,0.60,0.50
2008.03.19 21:08:27.587,1.9569,1.9578,0.60,0.50
2008.03.19 21:08:27.800,1.9569,1.9578,0.60,0.50
2008.03.19 21:08:28.024,1.9569,1.9578,0.60,0.50
2008.03.19 21:08:28.250,1.9569,1.9578,0.60,0.50
2008.03.19 21:08:28.476,1.9569,1.9578,0.60,0.50
2008.03.19 21:08:28.822,1.9569,1.9578,0.60,0.50
2008.03.19 21:08:29.156,1.9569,1.9578,0.60,0.50
2008.03.19 21:08:29.490,1.9569,1.9578,0.60,0.50
2008.03.19 21:08:29.704,1.9569,1.9578,0.60,0.50
2008.03.19 21:08:29.929,1.9569,1.9578,0.60,0.50
2008.03.19 21:08:30.133,1.9569,1.9578,0.60,0.50
2008.03.19 21:08:30.346,1.9569,1.9578,0.60,0.50
2008.03.19 21:08:30.560,1.9569,1.9578,0.60,0.50
2008.03.19 21:08:30.880,1.9569,1.9578,0.60,0.50
2008.03.19 21:08:31.199,1.9569,1.9578,0.60,0.50
2008.03.19 21:08:31.517,1.9569,1.9578,0.60,0.50
2008.03.19 21:08:31.737,1.9569,1.9578,0.60,0.50
2008.03.19 21:08:31.966,1.9569,1.9578,0.60,0.50
2008.03.19 21:08:32.185,1.9569,1.9578,0.60,0.50
2008.03.19 21:08:32.404,1.9569,1.9578,0.60,0.50
2008.03.19 21:08:32.738,1.9569,1.9578,0.60,0.50
2008.03.19 21:08:33.071,1.9569,1.9578,0.60,0.50
2008.03.19 21:08:33.405,1.9569,1.9578,0.60,0.50
2008.03.19 21:08:33.660,1.9569,1.9578,0.60,0.50
2008.03.19 21:08:33.914,1.9569,1.9578,0.60,0.50
2008.03.19 21:08:34.168,1.9569,1.9578,0.60,0.50
2008.03.19 21:08:34.424,1.9569,1.9578,0.60,0.50
2008.03.19 21:08:34.703,1.9569,1.9578,0.60,0.50
2008.03.19 21:08:34.982,1.9569,1.9578,0.60,0.50
2008.03.19 21:08:35.260,1.9569,1.9578,0.60,0.50
2008.03.19 21:08:35.549,1.95705,1.9578,0.60,0.50
2008.03.19 21:08:35.803,1.95705,1.9578,0.60,0.50
2008.03.19 21:08:36.067,1.95705,1.9578,0.60,0.50
2008.03.19 21:08:36.331,1.95705,1.9578,0.60,0.50
2008.03.19 21:08:36.597,1.95705,1.9578,0.60,0.50
2008.03.19 21:08:36.870,1.95705,1.9578,0.60,0.50
2008.03.19 21:08:37.145,1.95705,1.9578,0.60,0.50
2008.03.19 21:08:37.419,1.95705,1.9578,0.60,0.50
2008.03.19 21:08:37.693,1.95705,1.9578,0.60,0.50
2008.03.19 21:08:37.977,1.95705,1.9578,0.60,0.50
2008.03.19 21:08:38.261,1.95705,1.9578,0.60,0.50
2008.03.19 21:08:38.586,1.95705,1.9578,0.60,0.50
2008.03.19 21:08:38.869,1.95705,1.9578,0.60,0.50
2008.03.19 21:08:39.183,1.95705,1.9578,0.60,0.50
2008.03.19 21:08:39.497,1.95705,1.9578,0.60,0.50
2008.03.19 21:08:39.811,1.95705,1.9578,0.60,0.50
2008.03.19 21:08:40.039,1.95705,1.9578,0.60,0.50
2008.03.19 21:08:40.258,1.95705,1.9578,0.60,0.50
2008.03.19 21:08:40.477,1.95705,1.9578,0.60,0.50
2008.03.19 21:08:40.696,1.95705,1.9578,0.60,0.50
2008.03.19 21:08:40.915,1.95705,1.9578,0.60,0.50
2008.03.19 21:08:41.234,1.95705,1.9578,0.60,0.50
2008.03.19 21:08:41.555,1.95695,1.9578,0.60,0.50
2008.03.19 21:08:41.875,1.95695,1.9576,0.60,0.50
2008.03.19 21:08:42.098,1.95695,1.9576,0.60,0.50
2008.03.19 21:08:42.323,1.95695,1.9578,0.60,0.50
2008.03.19 21:08:42.547,1.95705,1.9578,0.60,0.50
2008.03.19 21:08:42.771,1.95705,1.9578,0.60,0.50
2008.03.19 21:08:43.105,1.95705,1.9578,0.60,0.50
2008.03.19 21:08:43.440,1.95705,1.9578,0.60,0.50
2008.03.19 21:08:43.774,1.95705,1.9578,0.60,0.50
2008.03.19 21:08:44.117,1.95705,1.9578,0.60,0.50
2008.03.19 21:08:44.350,1.95705,1.9578,0.60,0.50
2008.03.19 21:08:44.585,1.95705,1.9578,0.60,0.50
2008.03.19 21:08:44.818,1.95705,1.9578,0.60,0.50
2008.03.19 21:08:45.099,1.95705,1.9578,0.60,0.50
2008.03.19 21:08:45.379,1.95715,1.9578,0.60,0.50
2008.03.19 21:08:45.671,1.95715,1.9578,0.60,0.50
2008.03.19 21:08:45.964,1.95715,1.9578,0.60,0.50
2008.03.19 21:08:46.270,1.957,1.9578,1.20,0.50
2008.03.19 21:08:46.586,1.957,1.9576,1.20,0.50
2008.03.19 21:08:46.899,1.957,1.9576,1.20,0.50
2008.03.19 21:08:47.121,1.957,1.9576,1.20,0.50
2008.03.19 21:08:47.336,1.957,1.9576,1.20,0.50
2008.03.19 21:08:47.550,1.957,1.9576,1.20,0.50
2008.03.19 21:08:47.766,1.957,1.9576,1.20,0.50
2008.03.19 21:08:47.979,1.957,1.9576,1.20,0.50
2008.03.19 21:08:48.327,1.957,1.9576,1.20,0.50
2008.03.19 21:08:48.673,1.9571,1.9576,0.60,0.50
2008.03.19 21:08:49.022,1.9569,1.9575,0.60,0.50
2008.03.19 21:08:49.286,1.9568,1.9573,1.20,0.50
2008.03.19 21:08:49.537,1.9569,1.9573,0.60,0.50
2008.03.19 21:08:49.785,1.9568,1.9573,1.20,0.50
2008.03.19 21:08:50.034,1.9568,1.9573,1.20,0.50
2008.03.19 21:08:50.337,1.9568,1.9573,1.20,0.50
2008.03.19 21:08:50.643,1.9568,1.9573,1.20,0.50
2008.03.19 21:08:50.956,1.9568,1.9573,1.20,0.50
2008.03.19 21:08:51.250,1.9568,1.9575,1.20,0.50
2008.03.19 21:08:51.526,1.9569,1.9575,0.60,0.50
2008.03.19 21:08:51.800,1.9569,1.9575,0.60,0.50
2008.03.19 21:08:52.074,1.9569,1.9575,0.60,0.50
2008.03.19 21:08:52.299,1.9569,1.9575,0.60,0.50
2008.03.19 21:08:52.523,1.9569,1.9577,0.60,0.50
2008.03.19 21:08:52.746,1.95705,1.9577,0.60,0.50
2008.03.19 21:08:52.970,1.95705,1.9577,0.60,0.50
2008.03.19 21:08:53.194,1.95705,1.9577,0.60,0.50
2008.03.19 21:08:53.551,1.95705,1.9577,0.60,0.50
2008.03.19 21:08:53.886,1.95705,1.9577,0.60,0.50
2008.03.19 21:08:54.226,1.95705,1.9577,0.60,0.50
2008.03.19 21:08:54.472,1.9568,1.9577,0.80,0.50
2008.03.19 21:08:54.701,1.9568,1.9577,0.80,0.50
2008.03.19 21:08:54.931,1.957,1.9577,0.80,0.50
2008.03.19 21:08:55.160,1.957,1.9577,0.80,0.50
2008.03.19 21:08:55.460,1.957,1.9577,0.80,0.50
2008.03.19 21:08:55.754,1.957,1.9577,0.80,0.50
2008.03.19 21:08:56.048,1.957,1.9577,0.80,0.50
2008.03.19 21:08:56.343,1.957,1.9577,0.80,0.50
2008.03.19 21:08:56.624,1.957,1.9577,0.80,0.50
2008.03.19 21:08:56.904,1.957,1.9577,0.80,0.50
2008.03.19 21:08:57.184,1.957,1.9577,0.80,0.50
2008.03.19 21:08:57.428,1.957,1.9577,0.80,0.50
2008.03.19 21:08:57.680,1.957,1.9577,0.80,0.50
2008.03.19 21:08:57.925,1.957,1.9577,0.80,0.50
2008.03.19 21:08:58.169,1.957,1.9577,0.80,0.50
2008.03.19 21:08:58.495,1.957,1.9576,0.80,0.50
2008.03.19 21:08:58.820,1.957,1.9575,0.80,0.50
2008.03.19 21:08:59.144,1.957,1.9575,0.80,0.50
2008.03.19 21:08:59.479,1.9568,1.9575,1.20,0.50
2008.03.19 21:08:59.737,1.9568,1.9575,1.20,0.50
2008.03.19 21:09:00.006,1.9568,1.9575,1.20,0.50
2008.03.19 21:09:00.275,1.9568,1.9575,1.20,0.50
2008.03.19 21:09:00.509,1.9568,1.9575,1.20,0.50
2008.03.19 21:09:00.743,1.9568,1.9575,1.20,0.50
2008.03.19 21:09:00.978,1.9568,1.9575,1.20,0.50
2008.03.19 21:09:01.212,1.9568,1.9575,1.20,0.50
2008.03.19 21:09:01.456,1.9568,1.9575,1.20,0.50
2008.03.19 21:09:01.765,1.9568,1.9575,1.20,0.50
2008.03.19 21:09:02.086,1.95685,1.9575,0.60,0.50
2008.03.19 21:09:02.405,1.95685,1.9575,0.60,0.50
2008.03.19 21:09:02.621,1.957,1.9575,1.20,0.50
2008.03.19 21:09:02.844,1.957,1.9575,1.20,0.50
2008.03.19 21:09:03.059,1.957,1.9575,1.20,0.50
2008.03.19 21:09:03.274,1.957,1.9575,1.20,0.50
2008.03.19 21:09:03.489,1.957,1.9575,0.80,0.50
2008.03.19 21:09:03.824,1.957,1.9575,0.80,0.50
2008.03.19 21:09:04.160,1.957,1.9575,0.80,0.50
2008.03.19 21:09:04.495,1.957,1.9575,0.80,0.50
2008.03.19 21:09:04.744,1.957,1.9575,0.80,0.50
2008.03.19 21:09:04.993,1.957,1.9575,0.80,0.50
2008.03.19 21:09:05.247,1.957,1.9575,0.80,0.50
2008.03.19 21:09:05.497,1.957,1.9575,0.80,0.50
2008.03.19 21:09:05.776,1.957,1.9575,0.80,0.50
2008.03.19 21:09:06.055,1.957,1.9575,0.80,0.50
2008.03.19 21:09:06.335,1.957,1.9575,0.80,0.50
2008.03.19 21:09:06.619,1.957,1.9575,0.80,0.50
2008.03.19 21:09:06.893,1.957,1.9575,0.80,0.50
2008.03.19 21:09:07.169,1.957,1.9575,0.80,0.50
2008.03.19 21:09:07.443,1.957,1.9575,0.80,0.50
2008.03.19 21:09:07.697,1.957,1.9575,0.80,0.50
2008.03.19 21:09:07.959,1.957,1.9575,0.80,0.50
2008.03.19 21:09:08.214,1.957,1.9575,0.80,0.50
2008.03.19 21:09:08.469,1.957,1.9575,0.80,0.50
2008.03.19 21:09:08.800,1.9568,1.9575,0.80,0.50
2008.03.19 21:09:09.129,1.9568,1.9575,0.80,0.50
2008.03.19 21:09:09.458,1.9568,1.9575,0.80,0.50
2008.03.19 21:09:09.687,1.9568,1.9575,0.80,0.50
2008.03.19 21:09:09.916,1.9568,1.9575,0.80,0.50
2008.03.19 21:09:10.145,1.9566,1.9574,0.80,0.50
2008.03.19 21:09:10.374,1.9566,1.9574,0.80,0.50
2008.03.19 21:09:10.603,1.9566,1.9574,0.80,0.50
2008.03.19 21:09:10.907,1.9566,1.9574,0.80,0.50
2008.03.19 21:09:11.211,1.9566,1.9574,0.80,0.50
2008.03.19 21:09:11.517,1.9566,1.9574,0.80,0.50
2008.03.19 21:09:11.741,1.9566,1.9574,0.80,0.50
2008.03.19 21:09:11.965,1.9568,1.9575,0.80,0.50
2008.03.19 21:09:12.189,1.9568,1.9575,0.80,0.50
2008.03.19 21:09:12.413,1.9568,1.9575,0.80,0.50
2008.03.19 21:09:12.637,1.9568,1.9575,0.80,0.50
2008.03.19 21:09:12.971,1.9568,1.9575,0.80,0.50
2008.03.19 21:09:13.306,1.9568,1.9575,0.80,0.50
2008.03.19 21:09:13.640,1.9568,1.9575,0.80,0.50
2008.03.19 21:09:13.900,1.9568,1.9575,0.80,0.50
2008.03.19 21:09:14.160,1.9568,1.9575,0.80,0.50
2008.03.19 21:09:14.422,1.9568,1.9575,0.80,0.50
2008.03.19 21:09:14.681,1.9568,1.9575,0.80,0.50
2008.03.19 21:09:14.947,1.9568,1.9575,0.80,0.50
2008.03.19 21:09:15.211,1.9567,1.9575,0.80,0.50
2008.03.19 21:09:15.475,1.9567,1.9575,0.80,0.50
2008.03.19 21:09:15.740,1.9566,1.9574,0.80,0.50
2008.03.19 21:09:16.007,1.9566,1.9574,0.80,0.50
2008.03.19 21:09:16.267,1.9566,1.9574,0.80,0.50
2008.03.19 21:09:16.525,1.9566,1.9574,0.80,0.50
2008.03.19 21:09:16.784,1.9566,1.9574,0.80,0.50
2008.03.19 21:09:17.093,1.9568,1.9575,0.80,0.50
2008.03.19 21:09:17.403,1.9568,1.9575,0.80,0.50
2008.03.19 21:09:17.712,1.9568,1.9575,0.80,0.50
2008.03.19 21:09:18.007,1.9568,1.9575,0.80,0.50
2008.03.19 21:09:18.302,1.9568,1.9575,0.80,0.50
2008.03.19 21:09:18.614,1.9568,1.9575,0.80,0.50
2008.03.19 21:09:18.907,1.9568,1.9575,0.80,0.50
2008.03.19 21:09:19.164,1.95695,1.9576,0.60,0.50
2008.03.19 21:09:19.418,1.95695,1.9576,0.60,0.50
2008.03.19 21:09:19.674,1.95695,1.9576,0.60,0.50
2008.03.19 21:09:19.929,1.95695,1.9576,0.60,0.50
2008.03.19 21:09:20.193,1.95695,1.9576,0.60,0.50
2008.03.19 21:09:20.458,1.95695,1.9576,0.60,0.50
2008.03.19 21:09:20.723,1.95705,1.9576,0.60,0.50
2008.03.19 21:09:20.989,1.95705,1.9576,0.60,0.50
2008.03.19 21:09:21.264,1.95705,1.9576,0.60,0.50
2008.03.19 21:09:21.538,1.95705,1.9576,0.60,0.50
2008.03.19 21:09:21.812,1.95705,1.9576,0.60,0.50
2008.03.19 21:09:22.085,1.95705,1.9576,0.60,0.50
2008.03.19 21:09:22.365,1.95705,1.9576,0.60,0.50
2008.03.19 21:09:22.644,1.95705,1.9576,0.60,0.50
2008.03.19 21:09:22.923,1.95705,1.9576,0.60,0.50
2008.03.19 21:09:23.189,1.95705,1.9576,0.60,0.50
2008.03.19 21:09:23.455,1.95705,1.9576,0.60,0.50
2008.03.19 21:09:23.734,1.957,1.9576,0.60,0.50
2008.03.19 21:09:23.998,1.957,1.9576,0.60,0.50
2008.03.19 21:09:24.299,1.95695,1.9576,0.60,0.50
2008.03.19 21:09:24.596,1.95695,1.9576,0.60,0.50
2008.03.19 21:09:24.896,1.95695,1.9576,0.60,0.50
2008.03.19 21:09:25.157,1.95695,1.9576,0.60,0.50
2008.03.19 21:09:25.415,1.95695,1.9576,0.60,0.50
2008.03.19 21:09:25.675,1.95695,1.9576,0.60,0.50
2008.03.19 21:09:25.934,1.95695,1.9576,0.60,0.50
2008.03.19 21:09:26.195,1.95695,1.9576,0.60,0.50
2008.03.19 21:09:26.444,1.95695,1.9576,0.60,0.50
2008.03.19 21:09:26.694,1.95695,1.9576,0.60,0.50
2008.03.19 21:09:26.946,1.95695,1.9576,0.60,0.50
2008.03.19 21:09:27.260,1.95695,1.9576,0.60,0.50
2008.03.19 21:09:27.574,1.95695,1.9576,0.60,0.50
2008.03.19 21:09:27.889,1.95695,1.9576,0.60,0.50
2008.03.19 21:09:28.205,1.95705,1.9578,0.60,0.50
2008.03.19 21:09:28.488,1.95705,1.9578,0.60,0.50
2008.03.19 21:09:28.774,1.95705,1.9578,0.60,0.50
2008.03.19 21:09:29.060,1.95705,1.9578,0.60,0.50
2008.03.19 21:09:29.345,1.95705,1.9578,0.60,0.50
2008.03.19 21:09:29.625,1.95705,1.9578,0.60,0.50
2008.03.19 21:09:29.905,1.95705,1.9578,0.60,0.50
2008.03.19 21:09:30.185,1.95705,1.9578,0.60,0.50
2008.03.19 21:09:30.423,1.95705,1.9578,0.60,0.50
2008.03.19 21:09:30.663,1.95705,1.9578,0.60,0.50
2008.03.19 21:09:30.902,1.95705,1.9578,0.60,0.50
2008.03.19 21:09:31.143,1.95705,1.9578,0.60,0.50
2008.03.19 21:09:31.437,1.95705,1.9578,0.60,0.50
2008.03.19 21:09:31.731,1.95705,1.9578,0.60,0.50
2008.03.19 21:09:32.025,1.95705,1.9578,0.60,0.50
2008.03.19 21:09:32.269,1.95705,1.9578,0.60,0.50
2008.03.19 21:09:32.513,1.95705,1.9578,0.60,0.50
2008.03.19 21:09:32.758,1.95705,1.9578,0.60,0.50
2008.03.19 21:09:33.001,1.95705,1.9578,0.60,0.50
2008.03.19 21:09:33.247,1.95705,1.9578,0.60,0.50
2008.03.19 21:09:33.542,1.95705,1.9578,0.60,0.50
2008.03.19 21:09:33.848,1.95705,1.9578,0.60,0.50
2008.03.19 21:09:34.132,1.95725,1.9584,0.60,0.50
2008.03.19 21:09:34.406,1.95725,1.9584,0.60,0.50
2008.03.19 21:09:34.680,1.95725,1.9584,0.60,0.50
2008.03.19 21:09:34.955,1.95725,1.9584,0.60,0.50
2008.03.19 21:09:35.239,1.95725,1.9584,0.60,0.50
2008.03.19 21:09:35.523,1.95725,1.9584,0.60,0.50
2008.03.19 21:09:35.806,1.95725,1.9584,0.60,0.50
2008.03.19 21:09:36.092,1.95725,1.9584,0.60,0.50
2008.03.19 21:09:36.376,1.95725,1.9584,0.60,0.50
2008.03.19 21:09:36.650,1.95725,1.9584,0.60,0.50
2008.03.19 21:09:36.913,1.95725,1.9584,0.60,0.50
2008.03.19 21:09:37.178,1.95725,1.9584,0.60,0.50
2008.03.19 21:09:37.431,1.95725,1.9584,0.60,0.50
2008.03.19 21:09:37.686,1.95725,1.9584,0.60,0.50
2008.03.19 21:09:37.939,1.95725,1.9584,0.60,0.50
2008.03.19 21:09:38.194,1.95725,1.9584,0.60,0.50
2008.03.19 21:09:38.494,1.95725,1.9584,0.60,0.50
2008.03.19 21:09:38.794,1.95725,1.9584,0.60,0.50
2008.03.19 21:09:39.094,1.95725,1.9584,0.60,12.50
2008.03.19 21:09:39.394,1.95725,1.9584,0.60,12.50
2008.03.19 21:09:39.683,1.95725,1.9582,0.60,0.50
2008.03.19 21:09:39.971,1.95725,1.9582,0.60,0.50
2008.03.19 21:09:40.260,1.95705,1.9582,0.60,0.50
2008.03.19 21:09:40.494,1.95705,1.9582,0.60,0.50
2008.03.19 21:09:40.739,1.95695,1.9582,0.60,0.50
2008.03.19 21:09:40.973,1.95695,1.9582,0.60,0.50
2008.03.19 21:09:41.208,1.95695,1.958,0.60,0.50
2008.03.19 21:09:41.443,1.95695,1.958,0.60,0.50
2008.03.19 21:09:41.746,1.95695,1.958,0.60,0.50
2008.03.19 21:09:42.049,1.95695,1.958,0.60,0.50
2008.03.19 21:09:42.353,1.95695,1.958,0.60,0.50
2008.03.19 21:09:42.593,1.95695,1.958,0.60,0.50
2008.03.19 21:09:42.832,1.95695,1.958,0.60,0.50
2008.03.19 21:09:43.072,1.95695,1.958,0.60,0.50
2008.03.19 21:09:43.311,1.95695,1.958,0.60,0.50
2008.03.19 21:09:43.644,1.95695,1.958,0.60,0.50
2008.03.19 21:09:43.978,1.95695,1.958,0.60,0.50
2008.03.19 21:09:44.313,1.9569,1.958,0.80,0.50
2008.03.19 21:09:44.556,1.9569,1.958,0.80,0.50
2008.03.19 21:09:44.800,1.9569,1.958,0.80,0.50
2008.03.19 21:09:45.044,1.9569,1.958,0.80,0.50
2008.03.19 21:09:45.288,1.9569,1.958,0.80,0.50
2008.03.19 21:09:45.532,1.9569,1.958,0.80,0.50
2008.03.19 21:09:45.813,1.9569,1.958,0.80,0.50
2008.03.19 21:09:46.093,1.9569,1.958,0.80,0.50
2008.03.19 21:09:46.372,1.9569,1.958,0.80,0.50
2008.03.19 21:09:46.681,1.9569,1.958,0.80,0.50
2008.03.19 21:09:46.990,1.9569,1.958,0.80,0.50
2008.03.19 21:09:47.299,1.9569,1.958,0.80,0.50
2008.03.19 21:09:47.608,1.9569,1.958,0.80,0.50
2008.03.19 21:09:47.833,1.9569,1.958,0.80,0.50
2008.03.19 21:09:48.057,1.9569,1.958,0.80,0.50
2008.03.19 21:09:48.281,1.9569,1.958,0.80,0.50
2008.03.19 21:09:48.504,1.9569,1.958,0.80,0.50
2008.03.19 21:09:48.818,1.9569,1.958,0.80,0.50
2008.03.19 21:09:49.132,1.9569,1.958,0.80,0.50
2008.03.19 21:09:49.448,1.9569,1.958,0.80,0.50
2008.03.19 21:09:49.737,1.9569,1.958,0.80,0.50
2008.03.19 21:09:50.027,1.9569,1.958,0.80,0.50
2008.03.19 21:09:50.317,1.9569,1.958,0.80,0.50
2008.03.19 21:09:50.606,1.9569,1.958,0.80,0.50
2008.03.19 21:09:50.846,1.9569,1.958,0.80,0.50
2008.03.19 21:09:51.084,1.9569,1.958,0.80,0.50
2008.03.19 21:09:51.323,1.9569,1.958,0.80,0.50
2008.03.19 21:09:51.564,1.957,1.958,0.80,0.50
2008.03.19 21:09:51.837,1.957,1.958,0.80,0.50
2008.03.19 21:09:52.112,1.957,1.958,0.80,0.50
2008.03.19 21:09:52.386,1.957,1.9582,0.80,0.50
2008.03.19 21:09:52.661,1.957,1.9582,0.80,0.50
2008.03.19 21:09:52.950,1.957,1.9582,0.80,0.50
2008.03.19 21:09:53.220,1.957,1.9582,0.80,0.50
2008.03.19 21:09:53.499,1.957,1.9582,0.80,0.50
2008.03.19 21:09:53.813,1.957,1.9582,0.80,0.50
2008.03.19 21:09:54.127,1.957,1.9582,0.80,0.50
2008.03.19 21:09:54.441,1.957,1.9582,0.80,0.50
2008.03.19 21:09:54.696,1.957,1.9582,0.80,0.50
2008.03.19 21:09:54.949,1.957,1.9582,0.80,0.50
2008.03.19 21:09:55.203,1.957,1.9582,0.80,0.50
2008.03.19 21:09:55.457,1.957,1.9582,0.80,0.50
2008.03.19 21:09:55.716,1.957,1.9582,0.80,0.50
2008.03.19 21:09:55.976,1.957,1.9582,0.80,0.50
2008.03.19 21:09:56.236,1.957,1.9582,0.80,0.50
2008.03.19 21:09:56.497,1.957,1.9582,0.80,0.50
2008.03.19 21:09:56.796,1.957,1.9582,0.80,0.50
2008.03.19 21:09:57.096,1.957,1.9582,0.80,0.50
2008.03.19 21:09:57.397,1.957,1.9582,0.80,0.50
2008.03.19 21:09:57.695,1.957,1.9582,0.80,0.50
2008.03.19 21:09:57.954,1.957,1.9582,0.80,0.50
2008.03.19 21:09:58.214,1.957,1.9582,0.80,0.50
2008.03.19 21:09:58.472,1.957,1.9582,0.80,0.50
2008.03.19 21:09:58.731,1.957,1.9582,0.80,0.50
2008.03.19 21:09:59.031,1.957,1.9582,0.80,0.50
2008.03.19 21:09:59.331,1.95725,1.9582,0.60,0.50
2008.03.19 21:09:59.631,1.95725,1.9582,0.60,0.50
2008.03.19 21:09:59.871,1.95725,1.9582,0.60,0.50
2008.03.19 21:10:00.110,1.95725,1.9582,0.60,0.50
2008.03.19 21:10:00.351,1.9573,1.9582,0.60,0.50
2008.03.19 21:10:00.591,1.9573,1.9582,0.60,0.50
2008.03.19 21:10:00.874,1.9573,1.9582,0.60,0.50
2008.03.19 21:10:01.158,1.9573,1.9582,0.60,0.50
2008.03.19 21:10:01.453,1.9573,1.9582,0.60,0.50
2008.03.19 21:10:01.736,1.9573,1.9582,0.60,0.50
2008.03.19 21:10:01.975,1.9573,1.9582,0.60,0.50
2008.03.19 21:10:02.215,1.9573,1.9582,0.60,0.50
2008.03.19 21:10:02.455,1.9573,1.9582,0.60,0.50
2008.03.19 21:10:02.693,1.9573,1.9582,0.60,0.50
2008.03.19 21:10:03.027,1.9573,1.9582,0.60,0.50
2008.03.19 21:10:03.362,1.9573,1.9582,0.60,0.50
2008.03.19 21:10:03.696,1.9573,1.9582,0.60,0.50
2008.03.19 21:10:03.969,1.9573,1.9582,0.60,0.50
2008.03.19 21:10:04.244,1.9573,1.9582,0.60,0.50
2008.03.19 21:10:04.518,1.9573,1.9582,0.60,0.50
2008.03.19 21:10:04.793,1.9573,1.9582,0.60,0.50
2008.03.19 21:10:05.041,1.9573,1.9582,0.60,0.50
2008.03.19 21:10:05.290,1.9573,1.9582,0.60,0.50
2008.03.19 21:10:05.539,1.9573,1.9582,0.60,0.50
2008.03.19 21:10:05.788,1.9573,1.9582,0.60,0.50
