2008.05.27 19:00:00.285,2.0606,2.0612,3.90,2.80
2008.05.27 19:00:00.954,2.0606,2.0612,4.90,2.80
2008.05.27 19:00:01.659,2.0606,2.0612,5.80,2.80
2008.05.27 19:00:01.780,2.0606,2.0612,8.70,2.80
2008.05.27 19:00:04.881,2.0607,2.0613,3.80,2.80
2008.05.27 19:00:05.005,2.0608,2.0613,1.00,2.80
2008.05.27 19:00:05.161,2.0608,2.0613,2.00,2.80
2008.05.27 19:00:05.507,2.0608,2.0613,0.90,2.80
2008.05.27 19:00:05.932,2.0606,2.0612,10.60,2.80
2008.05.27 19:00:06.511,2.0606,2.0612,6.80,2.80
2008.05.27 19:00:06.908,2.06065,2.0612,1.00,2.80
2008.05.27 19:00:08.170,2.0607,2.0612,2.80,2.80
2008.05.27 19:00:08.204,2.0607,2.0612,3.80,2.80
2008.05.27 19:00:08.345,2.0609,2.06135,2.80,0.40
2008.05.27 19:00:08.375,2.0609,2.06135,4.80,0.40
2008.05.27 19:00:08.406,2.0609,2.06135,5.80,0.40
2008.05.27 19:00:08.525,2.061,2.0614,0.90,1.90
2008.05.27 19:00:08.582,2.061,2.06145,0.90,1.30
2008.05.27 19:00:09.222,2.061,2.06145,0.90,0.40
2008.05.27 19:00:11.145,2.0609,2.0614,0.90,2.80
2008.05.27 19:00:11.988,2.06095,2.0614,1.00,2.80
2008.05.27 19:00:12.300,2.061,2.0614,0.90,2.80
2008.05.27 19:00:12.521,2.061,2.06145,0.90,0.40
2008.05.27 19:00:13.059,2.06095,2.06145,1.00,0.40
2008.05.27 19:00:13.226,2.06095,2.0614,1.00,2.80
2008.05.27 19:00:13.337,2.06095,2.06145,1.00,0.40
2008.05.27 19:00:14.208,2.061,2.06145,0.90,0.40
2008.05.27 19:00:15.973,2.061,2.06135,0.90,0.90
2008.05.27 19:00:16.169,2.061,2.06145,0.90,0.40
2008.05.27 19:00:17.744,2.061,2.0615,0.90,3.20
2008.05.27 19:00:19.489,2.06095,2.0615,1.00,3.20
2008.05.27 19:00:20.462,2.061,2.0615,1.00,3.20
2008.05.27 19:00:20.601,2.06095,2.0615,1.00,3.20
2008.05.27 19:00:21.120,2.061,2.0615,0.90,3.20
2008.05.27 19:00:21.757,2.061,2.06135,0.90,0.90
2008.05.27 19:00:22.645,2.061,2.0615,0.90,3.20
2008.05.27 19:00:23.146,2.061,2.06135,0.90,0.90
2008.05.27 19:00:24.202,2.061,2.06145,0.90,0.40
2008.05.27 19:00:25.006,2.0609,2.06145,2.80,0.40
2008.05.27 19:00:25.186,2.06085,2.0614,1.00,2.80
2008.05.27 19:00:25.861,2.06085,2.0614,1.00,3.20
2008.05.27 19:00:27.160,2.06085,2.06135,1.00,0.40
2008.05.27 19:00:28.028,2.06095,2.06135,1.00,0.40
2008.05.27 19:00:28.207,2.06105,2.06135,1.00,0.40
2008.05.27 19:00:28.227,2.06105,2.0614,1.00,0.40
2008.05.27 19:00:28.406,2.06105,2.06145,1.00,0.40
2008.05.27 19:00:28.517,2.0611,2.06145,1.00,0.40
2008.05.27 19:00:28.641,2.0611,2.0615,1.00,0.40
2008.05.27 19:00:32.589,2.0612,2.0615,1.00,0.40
2008.05.27 19:00:32.715,2.0612,2.06155,1.00,0.40
2008.05.27 19:00:32.841,2.0612,2.0616,1.00,0.40
2008.05.27 19:00:32.967,2.0612,2.0616,3.90,0.40
2008.05.27 19:00:33.216,2.0612,2.06165,3.90,0.40
2008.05.27 19:00:35.800,2.0612,2.06165,1.00,0.40
2008.05.27 19:00:35.940,2.0612,2.06165,2.00,1.30
2008.05.27 19:00:36.080,2.0612,2.06165,4.90,1.30
2008.05.27 19:00:36.279,2.0612,2.06165,0.90,1.30
2008.05.27 19:00:36.421,2.0611,2.06145,2.80,0.90
2008.05.27 19:00:36.561,2.061,2.06145,4.90,0.90
2008.05.27 19:00:37.103,2.061,2.06155,4.90,0.90
2008.05.27 19:00:37.870,2.06105,2.06155,1.00,0.90
2008.05.27 19:00:38.038,2.06105,2.0616,1.00,2.80
2008.05.27 19:00:38.108,2.06105,2.0616,1.00,3.20
2008.05.27 19:00:38.338,2.0611,2.0616,2.80,0.40
2008.05.27 19:00:38.914,2.0611,2.0616,1.00,3.20
2008.05.27 19:00:39.492,2.0611,2.0616,2.80,0.40
2008.05.27 19:00:39.613,2.06105,2.0616,1.00,3.20
2008.05.27 19:00:40.135,2.06115,2.0616,1.00,3.20
2008.05.27 19:00:40.371,2.0612,2.0616,1.00,3.20
2008.05.27 19:00:40.506,2.0612,2.0616,1.00,0.40
2008.05.27 19:00:40.642,2.06125,2.0616,1.00,0.40
2008.05.27 19:00:40.973,2.0612,2.0616,2.80,0.40
2008.05.27 19:00:41.201,2.06115,2.0616,1.00,0.40
2008.05.27 19:00:41.750,2.06115,2.06155,1.00,0.40
2008.05.27 19:00:42.073,2.0612,2.06155,1.00,0.40
2008.05.27 19:00:42.209,2.06115,2.0616,1.00,0.40
2008.05.27 19:00:43.370,2.0612,2.0616,0.90,0.40
2008.05.27 19:00:43.764,2.0611,2.0616,2.80,0.40
2008.05.27 19:00:44.003,2.061,2.06155,3.80,0.40
2008.05.27 19:00:44.081,2.06095,2.0615,1.00,2.80
2008.05.27 19:00:44.286,2.06095,2.0614,1.00,2.80
2008.05.27 19:00:44.547,2.06085,2.0614,1.00,2.80
2008.05.27 19:00:47.432,2.06095,2.06145,1.00,0.40
2008.05.27 19:00:47.679,2.061,2.06145,0.90,0.40
2008.05.27 19:00:48.504,2.06105,2.06145,1.00,0.40
2008.05.27 19:00:48.893,2.06105,2.0615,1.00,0.40
2008.05.27 19:00:49.169,2.06105,2.06155,1.00,0.40
2008.05.27 19:00:49.334,2.06105,2.06155,1.00,1.30
2008.05.27 19:00:49.828,2.06105,2.06155,1.00,0.40
2008.05.27 19:00:51.808,2.06105,2.06155,1.00,1.30
2008.05.27 19:00:51.984,2.0611,2.06155,1.00,1.30
2008.05.27 19:00:52.120,2.0611,2.06155,3.90,1.30
2008.05.27 19:00:52.279,2.0611,2.06155,3.90,0.90
2008.05.27 19:00:52.560,2.0611,2.0616,3.90,0.40
2008.05.27 19:00:53.007,2.0611,2.0616,1.00,3.20
2008.05.27 19:00:53.163,2.061,2.0616,5.70,3.20
2008.05.27 19:00:53.318,2.06095,2.0615,1.00,2.80
2008.05.27 19:00:53.642,2.0609,2.06145,3.90,0.40
2008.05.27 19:00:53.758,2.0608,2.0614,3.90,2.80
2008.05.27 19:00:54.100,2.0608,2.0614,2.80,3.20
2008.05.27 19:00:54.543,2.0608,2.06135,2.80,0.40
2008.05.27 19:00:55.553,2.0608,2.0613,2.80,0.40
2008.05.27 19:00:57.393,2.06075,2.0613,1.00,3.20
2008.05.27 19:00:57.874,2.06065,2.0612,1.00,2.80
2008.05.27 19:00:58.327,2.0607,2.0613,2.80,3.20
2008.05.27 19:00:58.687,2.0607,2.0612,2.80,0.40
2008.05.27 19:00:58.793,2.0606,2.0612,2.80,3.20
2008.05.27 19:00:59.643,2.0606,2.0612,3.90,3.20
2008.05.27 19:00:59.992,2.0606,2.0611,1.00,2.80
2008.05.27 19:01:00.059,2.06055,2.0611,1.00,2.80
2008.05.27 19:01:02.167,2.06055,2.0611,3.90,2.80
2008.05.27 19:01:02.252,2.0606,2.0612,2.80,3.20
2008.05.27 19:01:02.453,2.0606,2.0612,3.90,3.20
2008.05.27 19:01:05.679,2.0606,2.0612,2.80,3.20
2008.05.27 19:01:06.106,2.0606,2.0611,1.00,2.80
2008.05.27 19:01:06.516,2.0606,2.0612,3.90,3.20
2008.05.27 19:01:07.022,2.0606,2.06115,3.90,0.40
2008.05.27 19:01:09.349,2.0606,2.0611,1.00,2.80
2008.05.27 19:01:09.638,2.0606,2.06115,3.90,0.40
2008.05.27 19:01:10.166,2.0606,2.0611,1.00,2.80
2008.05.27 19:01:10.669,2.0606,2.06115,3.90,0.40
2008.05.27 19:01:11.087,2.0605,2.0611,3.90,2.80
2008.05.27 19:01:11.500,2.0605,2.0611,3.90,3.20
2008.05.27 19:01:13.653,2.0605,2.0611,2.80,3.20
2008.05.27 19:01:13.825,2.06045,2.061,1.00,2.80
2008.05.27 19:01:17.992,2.06055,2.06105,1.00,0.40
2008.05.27 19:01:18.643,2.06055,2.0611,1.00,3.20
2008.05.27 19:01:29.261,2.0606,2.0611,0.90,3.20
2008.05.27 19:01:29.676,2.0606,2.0611,2.00,3.20
2008.05.27 19:01:30.168,2.0606,2.0611,0.90,3.20
2008.05.27 19:01:30.337,2.0606,2.0611,0.90,4.20
2008.05.27 19:01:30.408,2.0605,2.06105,4.90,0.90
2008.05.27 19:01:30.548,2.0605,2.061,2.00,2.80
2008.05.27 19:01:31.152,2.0605,2.06105,4.90,0.90
2008.05.27 19:01:31.638,2.0605,2.061,2.00,2.80
2008.05.27 19:01:32.125,2.0605,2.06105,4.90,0.90
2008.05.27 19:01:32.623,2.06055,2.06105,1.00,0.90
2008.05.27 19:01:32.737,2.06055,2.0611,1.00,5.10
2008.05.27 19:01:33.820,2.0606,2.0611,0.90,5.10
2008.05.27 19:01:34.198,2.0606,2.0611,2.00,5.10
2008.05.27 19:01:38.491,2.0606,2.061,0.90,2.80
2008.05.27 19:01:38.714,2.0604,2.061,7.80,2.80
2008.05.27 19:01:38.865,2.0604,2.0609,4.90,2.80
2008.05.27 19:01:38.917,2.0604,2.0609,2.00,2.80
2008.05.27 19:01:39.478,2.0604,2.0609,2.00,3.20
2008.05.27 19:01:40.197,2.0604,2.0609,0.90,3.20
2008.05.27 19:01:40.571,2.0603,2.0608,1.00,2.80
2008.05.27 19:01:41.966,2.0602,2.0607,4.90,2.80
2008.05.27 19:01:42.103,2.0602,2.0607,2.00,2.80
2008.05.27 19:01:43.006,2.0602,2.0607,0.90,2.80
2008.05.27 19:01:43.242,2.0601,2.0607,3.90,2.80
2008.05.27 19:01:43.437,2.0601,2.0606,1.00,2.80
2008.05.27 19:01:43.930,2.0601,2.06065,3.90,0.40
2008.05.27 19:01:44.900,2.0601,2.0606,1.00,2.80
2008.05.27 19:01:45.846,2.0601,2.06065,3.90,0.40
2008.05.27 19:01:46.870,2.0601,2.0606,1.00,2.80
2008.05.27 19:01:47.444,2.06,2.0606,11.60,3.80
2008.05.27 19:01:47.641,2.06,2.0605,2.00,2.80
2008.05.27 19:01:48.695,2.06,2.0605,0.90,2.80
2008.05.27 19:01:48.829,2.06,2.0605,0.90,3.80
2008.05.27 19:01:49.036,2.0598,2.0604,6.80,2.80
2008.05.27 19:01:49.130,2.0598,2.0603,0.90,2.80
2008.05.27 19:01:53.553,2.0598,2.06035,4.90,0.40
2008.05.27 19:01:53.815,2.0598,2.06035,3.80,0.40
2008.05.27 19:01:53.898,2.0598,2.0603,0.90,2.80
2008.05.27 19:01:54.230,2.0598,2.0603,0.90,3.20
2008.05.27 19:01:54.548,2.0597,2.0603,3.90,3.20
2008.05.27 19:01:54.675,2.0597,2.0602,1.00,2.80
2008.05.27 19:01:55.195,2.05975,2.0602,0.90,2.80
2008.05.27 19:01:55.421,2.0598,2.0602,1.00,2.80
2008.05.27 19:01:56.487,2.0597,2.0602,1.00,2.80
2008.05.27 19:01:59.184,2.05985,2.0602,1.00,2.80
2008.05.27 19:01:59.319,2.05985,2.0603,1.00,2.80
2008.05.27 19:02:00.342,2.0599,2.0604,3.90,0.40
2008.05.27 19:02:00.494,2.05975,2.0603,0.90,2.80
2008.05.27 19:02:00.644,2.05985,2.0603,1.00,2.80
2008.05.27 19:02:00.795,2.05985,2.0602,1.00,2.80
2008.05.27 19:02:00.969,2.05985,2.0603,1.00,2.80
2008.05.27 19:02:01.909,2.05975,2.0603,1.00,2.80
2008.05.27 19:02:05.491,2.05975,2.0603,2.00,2.80
2008.05.27 19:02:06.221,2.05985,2.0604,1.00,3.20
2008.05.27 19:02:06.857,2.05995,2.0604,0.90,3.20
2008.05.27 19:02:07.442,2.05985,2.06035,2.00,0.90
2008.05.27 19:02:10.615,2.05995,2.0604,0.90,3.20
2008.05.27 19:02:10.997,2.05985,2.0604,1.00,3.20
2008.05.27 19:02:11.069,2.05985,2.0603,1.00,2.80
2008.05.27 19:02:13.281,2.0599,2.0603,0.90,2.80
2008.05.27 19:02:13.507,2.05985,2.0603,1.00,5.70
2008.05.27 19:02:13.732,2.05975,2.0603,1.00,5.70
2008.05.27 19:02:14.055,2.05985,2.0603,0.90,5.70
2008.05.27 19:02:14.542,2.05975,2.0603,2.00,5.70
2008.05.27 19:02:15.080,2.05975,2.0603,1.00,5.70
2008.05.27 19:02:16.823,2.05975,2.0603,2.80,5.70
2008.05.27 19:02:17.025,2.0598,2.0603,1.00,5.70
2008.05.27 19:02:17.075,2.0598,2.0603,2.00,5.70
2008.05.27 19:02:17.255,2.0598,2.0603,0.90,5.70
2008.05.27 19:02:17.479,2.0598,2.0603,1.00,5.70
2008.05.27 19:02:17.660,2.0598,2.0603,2.00,5.70
2008.05.27 19:02:19.358,2.0599,2.0603,2.80,5.70
2008.05.27 19:02:19.404,2.06,2.0603,1.00,5.70
2008.05.27 19:02:19.533,2.06,2.0603,2.00,2.80
2008.05.27 19:02:25.802,2.0602,2.0603,1.00,2.80
2008.05.27 19:02:25.895,2.0602,2.0603,1.00,0.10
2008.05.27 19:02:26.081,2.0602,2.0603,2.00,0.10
2008.05.27 19:02:28.176,2.0602,2.0603,4.90,0.10
2008.05.27 19:02:28.368,2.0602,2.0607,4.90,2.80
2008.05.27 19:02:28.580,2.0603,2.06075,1.00,0.40
2008.05.27 19:02:28.702,2.0603,2.0608,1.00,3.20
2008.05.27 19:02:29.265,2.06025,2.0608,1.00,3.20
2008.05.27 19:02:31.248,2.06025,2.0608,1.00,2.80
2008.05.27 19:02:31.756,2.06035,2.0608,1.00,2.80
2008.05.27 19:02:31.802,2.06035,2.06085,1.00,0.90
2008.05.27 19:02:31.989,2.06035,2.0609,1.00,5.10
2008.05.27 19:02:34.100,2.06025,2.0608,3.90,2.80
2008.05.27 19:02:34.168,2.06025,2.0608,1.00,2.80
2008.05.27 19:02:38.704,2.0602,2.0608,4.90,2.80
2008.05.27 19:02:39.021,2.0602,2.0607,1.00,2.80
2008.05.27 19:02:39.960,2.0603,2.0607,1.00,2.80
2008.05.27 19:02:40.088,2.0603,2.0608,1.00,2.80
2008.05.27 19:02:41.033,2.06025,2.0608,1.00,2.80
2008.05.27 19:02:47.214,2.0602,2.0608,3.80,2.80
2008.05.27 19:02:47.348,2.0602,2.0607,0.90,2.80
2008.05.27 19:03:17.899,2.06025,2.0607,1.00,2.80
2008.05.27 19:03:17.950,2.06025,2.0608,1.00,2.80
2008.05.27 19:03:18.453,2.0603,2.0608,1.00,2.80
2008.05.27 19:03:18.672,2.06035,2.0608,1.00,2.80
2008.05.27 19:03:19.041,2.06035,2.0609,1.00,5.10
2008.05.27 19:03:19.864,2.0604,2.0609,1.00,5.10
2008.05.27 19:03:20.004,2.0604,2.0609,4.90,2.20
2008.05.27 19:03:21.977,2.0605,2.0609,1.00,2.20
2008.05.27 19:03:21.996,2.0605,2.0609,1.00,1.30
2008.05.27 19:03:22.005,2.0605,2.0609,1.00,0.90
2008.05.27 19:03:22.124,2.0605,2.06095,3.90,1.30
2008.05.27 19:03:22.530,2.0605,2.06095,3.90,0.90
2008.05.27 19:03:22.936,2.06055,2.06105,2.00,0.40
2008.05.27 19:03:23.037,2.06065,2.06115,1.00,0.40
2008.05.27 19:03:23.442,2.06065,2.0612,1.00,3.20
2008.05.27 19:03:24.426,2.0607,2.0612,3.90,0.40
2008.05.27 19:03:24.785,2.0607,2.06125,3.90,0.40
2008.05.27 19:03:25.414,2.0608,2.06125,1.00,0.40
2008.05.27 19:03:25.684,2.0607,2.06125,3.90,0.40
2008.05.27 19:03:25.713,2.0607,2.0613,6.70,5.10
2008.05.27 19:03:25.985,2.0609,2.0613,3.90,0.40
2008.05.27 19:03:26.016,2.0609,2.06135,3.90,0.40
2008.05.27 19:03:26.219,2.0609,2.0614,3.90,0.40
2008.05.27 19:03:26.473,2.0609,2.06145,3.90,0.40
2008.05.27 19:03:26.751,2.061,2.06145,1.00,0.40
2008.05.27 19:03:26.894,2.061,2.0615,1.00,5.10
2008.05.27 19:03:28.180,2.0609,2.0615,2.80,5.10
2008.05.27 19:03:28.240,2.0609,2.0614,2.80,1.90
2008.05.27 19:03:28.300,2.0608,2.0614,3.90,4.80
2008.05.27 19:03:28.939,2.0608,2.0614,2.80,4.80
2008.05.27 19:03:28.952,2.0608,2.0613,1.00,2.80
2008.05.27 19:03:29.013,2.0608,2.06115,1.00,0.90
2008.05.27 19:03:29.280,2.0608,2.06115,4.90,0.90
2008.05.27 19:03:29.489,2.0609,2.06115,1.00,0.90
2008.05.27 19:03:29.796,2.0609,2.06145,3.90,0.90
2008.05.27 19:03:31.312,2.06095,2.06145,1.00,0.90
2008.05.27 19:03:32.417,2.06085,2.0614,3.90,2.80
2008.05.27 19:03:32.573,2.06085,2.0614,1.00,2.80
2008.05.27 19:03:32.583,2.06085,2.0614,1.00,4.80
2008.05.27 19:03:35.173,2.06105,2.0614,1.00,4.80
2008.05.27 19:03:35.402,2.06105,2.0614,1.00,1.90
2008.05.27 19:03:35.469,2.06105,2.0615,1.00,0.40
2008.05.27 19:03:37.239,2.06105,2.06155,1.00,0.40
2008.05.27 19:03:37.406,2.061,2.06155,3.90,0.40
2008.05.27 19:03:37.852,2.06105,2.06155,1.00,0.40
2008.05.27 19:03:38.412,2.061,2.06155,3.90,0.40
2008.05.27 19:03:38.846,2.06105,2.06155,1.00,0.40
2008.05.27 19:03:39.401,2.061,2.0615,4.90,0.40
2008.05.27 19:03:39.556,2.061,2.06155,4.90,0.40
2008.05.27 19:03:40.018,2.06105,2.06155,1.00,0.40
2008.05.27 19:03:40.964,2.06105,2.0615,1.00,0.40
2008.05.27 19:03:41.887,2.061,2.0615,4.90,0.40
2008.05.27 19:03:42.395,2.061,2.0615,3.80,0.40
2008.05.27 19:03:42.523,2.061,2.0615,0.90,3.20
2008.05.27 19:03:42.639,2.0609,2.0615,3.90,3.20
2008.05.27 19:03:43.824,2.06095,2.0615,1.00,3.20
2008.05.27 19:03:44.457,2.0609,2.0615,3.90,3.20
2008.05.27 19:03:45.391,2.06095,2.0615,1.00,3.20
2008.05.27 19:03:49.436,2.0609,2.0615,3.90,3.20
2008.05.27 19:03:49.541,2.0609,2.06145,3.90,0.90
2008.05.27 19:03:54.476,2.0609,2.06145,2.80,0.90
2008.05.27 19:03:55.095,2.0609,2.0615,2.80,3.20
2008.05.27 19:03:55.857,2.06095,2.0615,1.00,3.20
2008.05.27 19:03:55.931,2.061,2.0615,2.80,0.40
2008.05.27 19:03:57.095,2.061,2.06155,2.80,0.40
2008.05.27 19:03:57.469,2.06095,2.0615,1.00,2.80
2008.05.27 19:03:57.980,2.0609,2.0615,5.80,2.80
2008.05.27 19:03:58.050,2.0609,2.0615,4.90,2.80
2008.05.27 19:03:58.200,2.0609,2.0615,3.90,2.80
2008.05.27 19:03:59.716,2.0611,2.0615,1.00,2.80
2008.05.27 19:04:00.014,2.061,2.0615,1.00,2.80
2008.05.27 19:04:00.116,2.061,2.06155,3.90,0.40
2008.05.27 19:04:00.598,2.061,2.0615,1.00,2.80
2008.05.27 19:04:00.896,2.06095,2.0615,1.00,2.80
2008.05.27 19:04:01.410,2.0609,2.0615,3.90,2.80
2008.05.27 19:04:02.619,2.0609,2.0615,2.80,2.80
2008.05.27 19:04:03.436,2.0609,2.0615,3.90,2.80
2008.05.27 19:04:04.580,2.061,2.06155,3.90,0.40
2008.05.27 19:04:05.004,2.06095,2.0615,1.00,2.80
2008.05.27 19:04:07.069,2.061,2.0615,1.00,2.80
2008.05.27 19:04:07.124,2.061,2.06155,3.90,0.40
2008.05.27 19:04:07.493,2.061,2.06155,2.80,0.40
2008.05.27 19:04:07.716,2.06095,2.0615,1.00,2.80
2008.05.27 19:04:16.417,2.0609,2.0615,5.70,2.80
2008.05.27 19:04:16.558,2.0609,2.0615,3.80,2.80
2008.05.27 19:04:16.710,2.0609,2.0614,0.90,2.80
2008.05.27 19:04:19.238,2.06095,2.0614,1.00,2.80
2008.05.27 19:04:19.537,2.06095,2.0615,1.00,2.80
2008.05.27 19:04:25.047,2.06105,2.06155,1.00,0.90
2008.05.27 19:04:25.246,2.06105,2.0616,1.00,2.80
2008.05.27 19:04:25.382,2.06105,2.0616,3.90,2.80
2008.05.27 19:04:25.486,2.06115,2.0617,1.00,2.80
2008.05.27 19:04:26.183,2.06115,2.0617,3.90,2.80
2008.05.27 19:04:26.309,2.06125,2.06175,1.00,1.30
2008.05.27 19:04:26.539,2.06145,2.06175,1.00,0.90
2008.05.27 19:04:26.562,2.06145,2.0618,1.00,3.20
2008.05.27 19:04:26.787,2.0614,2.06185,0.90,0.40
2008.05.27 19:04:26.901,2.06135,2.0618,4.90,2.80
2008.05.27 19:04:27.017,2.06135,2.06185,3.90,0.40
2008.05.27 19:04:27.169,2.0614,2.0619,0.90,3.20
2008.05.27 19:04:27.397,2.06135,2.0618,1.00,2.80
2008.05.27 19:04:27.728,2.06135,2.0619,1.00,3.20
2008.05.27 19:04:32.630,2.06135,2.06185,1.00,1.30
2008.05.27 19:04:32.646,2.06135,2.06175,1.00,0.40
2008.05.27 19:04:32.787,2.0613,2.06175,3.80,0.40
2008.05.27 19:04:32.989,2.0613,2.0616,0.90,2.80
2008.05.27 19:04:33.000,2.0611,2.0616,0.90,2.80
2008.05.27 19:04:33.696,2.0611,2.0616,0.90,3.20
2008.05.27 19:04:34.700,2.06115,2.0616,1.00,3.20
2008.05.27 19:04:37.678,2.0611,2.0616,0.90,3.20
2008.05.27 19:04:37.789,2.06095,2.0615,1.90,2.80
2008.05.27 19:04:37.808,2.06095,2.0615,0.90,2.80
2008.05.27 19:04:37.845,2.0609,2.0615,3.80,2.80
2008.05.27 19:04:38.421,2.0609,2.0614,0.90,2.80
2008.05.27 19:04:39.323,2.06085,2.0614,1.00,2.80
2008.05.27 19:04:40.659,2.06105,2.0614,1.00,2.80
2008.05.27 19:04:41.003,2.06105,2.06155,1.00,0.40
2008.05.27 19:04:41.519,2.06105,2.0616,1.00,3.20
2008.05.27 19:04:41.872,2.06105,2.0616,1.00,2.80
2008.05.27 19:04:41.925,2.06115,2.0616,1.00,2.80
2008.05.27 19:04:41.974,2.06115,2.06165,1.00,0.40
2008.05.27 19:04:46.766,2.06115,2.06145,1.00,0.90
2008.05.27 19:04:46.982,2.0611,2.06145,2.80,0.90
2008.05.27 19:04:47.023,2.061,2.0614,0.90,2.80
2008.05.27 19:04:47.101,2.06085,2.0614,1.00,2.80
2008.05.27 19:04:47.641,2.0608,2.0614,3.80,2.80
2008.05.27 19:04:47.680,2.0608,2.0613,0.90,2.80
2008.05.27 19:04:48.692,2.06095,2.0613,1.00,2.80
2008.05.27 19:04:48.808,2.06095,2.0614,1.00,2.80
2008.05.27 19:04:49.191,2.06095,2.0615,1.00,3.20
2008.05.27 19:04:50.846,2.0609,2.0615,2.80,3.20
2008.05.27 19:04:50.903,2.06085,2.0614,3.90,2.80
2008.05.27 19:04:51.072,2.06085,2.0614,1.00,2.80
2008.05.27 19:04:54.647,2.06085,2.0614,1.00,3.20
2008.05.27 19:04:54.945,2.0608,2.0614,3.80,3.20
2008.05.27 19:04:55.070,2.0608,2.0613,0.90,2.80
2008.05.27 19:04:55.579,2.0608,2.06125,0.90,0.90
2008.05.27 19:04:56.047,2.0607,2.06125,2.80,0.90
2008.05.27 19:04:56.295,2.06065,2.0612,1.00,2.80
2008.05.27 19:04:57.646,2.06065,2.0612,1.00,3.20
2008.05.27 19:05:00.798,2.0607,2.0612,2.80,0.40
2008.05.27 19:05:01.223,2.06065,2.0612,1.00,3.20
2008.05.27 19:05:03.158,2.06065,2.06115,1.00,0.40
2008.05.27 19:05:03.179,2.0606,2.06115,3.80,0.40
2008.05.27 19:05:03.300,2.0606,2.0609,0.90,2.80
2008.05.27 19:05:03.397,2.0604,2.06085,0.90,0.90
2008.05.27 19:05:04.712,2.0604,2.0609,0.90,2.80
2008.05.27 19:05:05.375,2.06045,2.0609,1.00,2.80
2008.05.27 19:05:05.465,2.06045,2.06095,1.00,0.40
2008.05.27 19:05:07.956,2.0604,2.06095,3.80,0.40
2008.05.27 19:05:08.163,2.0604,2.0609,0.90,2.80
2008.05.27 19:05:08.381,2.06055,2.0609,0.90,2.80
2008.05.27 19:05:08.801,2.06045,2.0609,0.90,2.80
2008.05.27 19:05:09.987,2.0604,2.0609,0.90,3.20
2008.05.27 19:05:10.189,2.06035,2.0609,0.90,3.20
2008.05.27 19:05:10.297,2.06035,2.0608,0.90,2.80
2008.05.27 19:05:12.342,2.0604,2.06085,0.90,0.40
2008.05.27 19:05:12.981,2.06045,2.06085,0.90,0.40
2008.05.27 19:05:13.474,2.06045,2.0609,0.90,3.20
2008.05.27 19:05:15.119,2.06045,2.0609,0.90,4.20
2008.05.27 19:05:15.293,2.06045,2.0608,0.90,2.80
2008.05.27 19:05:15.398,2.06045,2.0609,0.90,3.80
2008.05.27 19:05:15.504,2.06045,2.0609,0.90,2.80
2008.05.27 19:05:16.979,2.06045,2.0609,2.00,2.80
2008.05.27 19:05:17.138,2.06045,2.0609,0.90,2.80
2008.05.27 19:05:17.217,2.06045,2.06095,0.90,1.30
2008.05.27 19:05:17.383,2.0605,2.06095,1.00,1.30
2008.05.27 19:05:17.539,2.0605,2.06095,1.00,0.90
2008.05.27 19:05:17.583,2.0605,2.06095,2.00,0.90
2008.05.27 19:05:17.748,2.0605,2.06095,0.90,0.90
2008.05.27 19:05:17.972,2.06045,2.06095,0.90,0.90
2008.05.27 19:05:18.396,2.0604,2.0609,0.90,2.80
2008.05.27 19:05:18.553,2.06035,2.0609,0.90,2.80
2008.05.27 19:05:25.654,2.0604,2.06095,2.80,0.40
2008.05.27 19:05:26.613,2.0604,2.06095,3.90,0.40
2008.05.27 19:05:26.995,2.0605,2.061,1.00,3.20
2008.05.27 19:05:27.043,2.06055,2.061,1.00,3.20
2008.05.27 19:05:27.315,2.06055,2.061,1.00,0.40
2008.05.27 19:05:27.462,2.06055,2.06095,1.00,0.90
2008.05.27 19:05:28.276,2.06055,2.06105,2.00,0.40
2008.05.27 19:05:28.589,2.0606,2.06105,1.00,0.40
2008.05.27 19:05:28.748,2.0606,2.06105,3.90,0.40
2008.05.27 19:05:28.828,2.0606,2.0611,3.90,0.40
2008.05.27 19:05:29.310,2.0606,2.06115,3.90,0.40
2008.05.27 19:05:29.519,2.06065,2.06115,1.00,0.40
2008.05.27 19:05:33.179,2.0606,2.06115,5.70,0.40
2008.05.27 19:05:33.223,2.0606,2.0611,2.80,2.80
2008.05.27 19:05:33.379,2.06055,2.0611,1.00,2.80
2008.05.27 19:05:45.084,2.0606,2.0611,2.80,2.80
2008.05.27 19:05:45.181,2.06065,2.0611,1.00,2.80
2008.05.27 19:05:45.348,2.06065,2.06115,1.00,0.40
2008.05.27 19:05:46.141,2.0606,2.06115,2.80,0.40
2008.05.27 19:05:46.344,2.06055,2.0611,1.00,2.80
2008.05.27 19:05:54.061,2.0606,2.06115,2.80,0.40
2008.05.27 19:05:54.698,2.0606,2.06115,3.90,0.40
2008.05.27 19:05:54.739,2.0606,2.0612,3.90,3.20
2008.05.27 19:05:55.148,2.06065,2.0612,1.00,3.20
2008.05.27 19:05:57.284,2.06075,2.0612,0.90,3.20
2008.05.27 19:05:57.456,2.06075,2.0612,0.90,2.80
2008.05.27 19:05:58.029,2.06075,2.06125,0.90,0.40
2008.05.27 19:05:58.132,2.06075,2.06125,2.00,0.40
2008.05.27 19:05:58.283,2.06075,2.0613,2.00,3.20
2008.05.27 19:05:58.905,2.06075,2.0613,2.00,2.80
2008.05.27 19:05:59.179,2.0608,2.06135,3.90,0.40
2008.05.27 19:06:00.246,2.0608,2.06135,2.80,0.40
2008.05.27 19:06:00.724,2.0608,2.06135,3.90,0.40
2008.05.27 19:06:01.158,2.06085,2.06135,1.00,0.40
2008.05.27 19:06:02.705,2.0608,2.06135,6.80,0.40
2008.05.27 19:06:04.307,2.0608,2.06135,3.90,0.40
2008.05.27 19:06:07.592,2.0608,2.06135,0.80,0.40
2008.05.27 19:06:13.211,2.06085,2.06135,0.80,0.40
2008.05.27 19:06:14.295,2.0608,2.06135,3.60,0.40
2008.05.27 19:06:14.479,2.0608,2.06135,1.80,0.40
2008.05.27 19:06:15.146,2.0608,2.06135,1.80,0.40
2008.05.27 19:06:15.289,2.06075,2.0613,0.90,2.80
2008.05.27 19:06:16.649,2.06075,2.0613,0.50,2.80
2008.05.27 19:06:16.840,2.06095,2.06135,0.90,0.40
2008.05.27 19:06:18.287,2.06095,2.0614,0.90,0.40
2008.05.27 19:06:18.893,2.06095,2.0614,0.90,3.20
2008.05.27 19:06:23.080,2.06095,2.06145,0.90,0.40
2008.05.27 19:06:26.637,2.0609,2.06145,0.50,0.40
2008.05.27 19:06:26.655,2.0608,2.0614,4.10,2.80
2008.05.27 19:06:26.852,2.0608,2.0614,0.70,2.80
2008.05.27 19:06:26.948,2.06085,2.0614,0.90,2.80
2008.05.27 19:06:28.045,2.0608,2.0614,1.80,2.80
2008.05.27 19:06:29.476,2.0608,2.0614,1.70,2.80
2008.05.27 19:06:31.061,2.0608,2.06135,2.00,0.40
2008.05.27 19:06:31.281,2.0608,2.06135,1.30,0.40
2008.05.27 19:06:31.403,2.0607,2.0613,0.70,2.80
2008.05.27 19:06:31.580,2.0607,2.0613,2.00,3.20
2008.05.27 19:06:31.820,2.0606,2.0612,0.60,2.80
2008.05.27 19:06:31.940,2.0606,2.0612,2.60,2.80
2008.05.27 19:06:33.607,2.06065,2.0612,0.90,2.80
2008.05.27 19:06:33.813,2.0607,2.06125,1.60,0.40
2008.05.27 19:06:33.909,2.0607,2.06125,0.90,0.40
2008.05.27 19:06:37.877,2.0608,2.06125,1.00,0.40
2008.05.27 19:06:38.071,2.0608,2.0613,1.00,3.20
2008.05.27 19:06:39.127,2.0608,2.06135,3.90,0.40
2008.05.27 19:06:39.637,2.06085,2.06135,0.90,0.40
2008.05.27 19:06:40.007,2.0609,2.06135,0.90,0.40
2008.05.27 19:06:40.093,2.0609,2.0614,0.90,3.20
2008.05.27 19:06:42.092,2.0608,2.0614,4.90,3.20
2008.05.27 19:06:42.330,2.06085,2.0614,1.00,3.20
2008.05.27 19:06:42.564,2.0608,2.0614,4.90,3.20
2008.05.27 19:06:42.800,2.06095,2.06145,0.90,0.40
2008.05.27 19:06:43.495,2.06095,2.06145,0.90,1.30
2008.05.27 19:06:44.795,2.06095,2.0614,0.90,1.90
2008.05.27 19:06:44.854,2.0609,2.06125,0.90,0.90
2008.05.27 19:06:45.049,2.06075,2.06125,0.90,0.90
2008.05.27 19:06:45.387,2.06075,2.0613,0.90,2.80
2008.05.27 19:06:47.103,2.06075,2.06125,0.90,0.90
2008.05.27 19:06:47.580,2.06075,2.0613,0.90,2.80
2008.05.27 19:06:47.773,2.06075,2.0612,0.90,2.80
2008.05.27 19:06:50.258,2.06075,2.0613,0.90,2.80
2008.05.27 19:06:50.820,2.06075,2.0612,0.90,2.80
2008.05.27 19:06:52.514,2.0607,2.0612,0.90,2.80
2008.05.27 19:06:52.723,2.0606,2.0612,2.80,2.80
2008.05.27 19:06:52.942,2.0606,2.0612,2.80,3.20
2008.05.27 19:06:54.088,2.0606,2.06115,2.80,0.40
2008.05.27 19:06:54.267,2.06055,2.0611,2.00,2.80
2008.05.27 19:06:54.385,2.06065,2.0611,1.00,2.80
2008.05.27 19:06:54.606,2.0607,2.06115,0.90,0.40
2008.05.27 19:06:55.056,2.06075,2.06115,0.90,0.40
2008.05.27 19:06:55.340,2.06075,2.0612,0.90,3.20
2008.05.27 19:06:55.900,2.06075,2.0612,0.90,2.80
2008.05.27 19:06:56.398,2.0606,2.0612,2.80,2.80
2008.05.27 19:06:56.885,2.0606,2.0612,2.80,4.80
2008.05.27 19:06:56.960,2.06055,2.0611,0.90,2.80
2008.05.27 19:06:57.534,2.0605,2.061,1.00,2.80
2008.05.27 19:06:58.025,2.0606,2.06105,2.80,0.40
2008.05.27 19:06:58.266,2.0606,2.061,2.80,1.90
2008.05.27 19:06:58.408,2.0605,2.0609,2.80,1.90
2008.05.27 19:06:58.549,2.06035,2.0608,0.90,2.80
2008.05.27 19:06:58.690,2.06035,2.0607,0.90,2.80
2008.05.27 19:06:59.000,2.0602,2.0607,1.00,2.80
2008.05.27 19:06:59.338,2.06015,2.0607,1.00,2.80
2008.05.27 19:06:59.893,2.06035,2.0607,0.90,2.80
2008.05.27 19:07:00.074,2.0604,2.061,3.90,3.20
2008.05.27 19:07:00.256,2.0604,2.061,4.40,3.20
2008.05.27 19:07:00.285,2.0604,2.061,4.90,3.20
2008.05.27 19:07:00.374,2.0604,2.061,3.80,3.20
2008.05.27 19:07:00.487,2.06055,2.061,0.90,4.20
2008.05.27 19:07:00.517,2.06055,2.061,0.90,6.10
2008.05.27 19:07:00.575,2.06055,2.061,0.90,5.10
2008.05.27 19:07:00.700,2.06055,2.061,0.90,4.80
2008.05.27 19:07:00.730,2.06055,2.0608,0.90,2.80
2008.05.27 19:07:00.882,2.06045,2.0608,1.00,2.80
2008.05.27 19:07:01.270,2.06045,2.061,1.00,2.80
2008.05.27 19:07:01.658,2.06065,2.061,1.00,2.80
2008.05.27 19:07:02.045,2.06075,2.0612,1.00,3.20
2008.05.27 19:07:02.330,2.06075,2.06125,1.00,0.40
2008.05.27 19:07:02.884,2.0607,2.06125,2.80,0.40
2008.05.27 19:07:03.338,2.0607,2.0612,1.00,2.80
2008.05.27 19:07:03.552,2.0608,2.0612,1.00,2.80
2008.05.27 19:07:03.865,2.06075,2.0612,1.00,2.80
2008.05.27 19:07:05.433,2.06075,2.0613,1.00,3.20
2008.05.27 19:07:08.894,2.06085,2.0613,1.00,3.20
2008.05.27 19:07:09.043,2.0608,2.0613,1.00,3.20
2008.05.27 19:07:09.212,2.0608,2.0613,1.50,2.80
2008.05.27 19:07:09.599,2.0608,2.0613,1.00,2.80
2008.05.27 19:07:09.832,2.0608,2.0613,3.00,2.80
2008.05.27 19:07:09.932,2.0609,2.0614,0.90,3.20
2008.05.27 19:07:10.132,2.0609,2.0614,3.90,3.20
2008.05.27 19:07:10.234,2.061,2.0615,0.90,3.20
2008.05.27 19:07:10.583,2.061,2.0615,0.90,2.80
2008.05.27 19:07:12.460,2.061,2.0614,0.90,2.80
2008.05.27 19:07:12.665,2.06095,2.0614,0.90,2.80
2008.05.27 19:07:14.377,2.0609,2.0614,0.90,2.80
2008.05.27 19:07:14.533,2.06085,2.0614,0.90,2.80
2008.05.27 19:07:14.813,2.06085,2.0614,0.90,3.20
2008.05.27 19:07:16.704,2.06085,2.06135,0.90,0.40
2008.05.27 19:07:20.754,2.0608,2.06135,3.90,0.40
2008.05.27 19:07:21.010,2.0608,2.0613,2.80,0.40
2008.05.27 19:07:21.307,2.0607,2.0613,3.90,3.20
2008.05.27 19:07:21.703,2.0607,2.0613,4.90,3.20
2008.05.27 19:07:21.859,2.06075,2.0613,0.90,3.20
2008.05.27 19:07:22.781,2.06075,2.06125,0.90,0.40
2008.05.27 19:07:23.091,2.06075,2.0612,0.90,2.80
2008.05.27 19:07:23.413,2.06075,2.0613,0.90,3.20
2008.05.27 19:07:23.659,2.0607,2.0613,2.80,3.20
2008.05.27 19:07:23.706,2.0607,2.0613,3.90,3.20
2008.05.27 19:07:23.945,2.0607,2.0613,5.40,3.20
2008.05.27 19:07:24.090,2.0607,2.0612,3.00,2.80
2008.05.27 19:07:24.319,2.06075,2.0613,0.90,3.20
2008.05.27 19:07:24.465,2.06075,2.0612,0.90,2.80
2008.05.27 19:07:25.571,2.0606,2.0612,4.90,2.80
2008.05.27 19:07:25.636,2.0606,2.0612,3.90,2.80
2008.05.27 19:07:25.869,2.0606,2.0612,3.90,3.20
2008.05.27 19:07:25.935,2.0606,2.0612,2.80,3.20
2008.05.27 19:07:25.999,2.06055,2.0611,0.90,2.80
2008.05.27 19:07:32.745,2.0606,2.0611,0.60,2.80
2008.05.27 19:07:32.936,2.0606,2.0611,0.90,2.80
2008.05.27 19:07:33.087,2.0606,2.0611,0.60,2.80
2008.05.27 19:07:33.253,2.0605,2.0611,5.80,2.80
2008.05.27 19:07:33.328,2.06055,2.0611,1.00,2.80
2008.05.27 19:07:33.972,2.06055,2.0611,2.00,2.80
2008.05.27 19:07:34.274,2.0606,2.0611,1.00,2.80
2008.05.27 19:07:34.368,2.0606,2.0612,3.90,3.20
2008.05.27 19:07:34.851,2.06065,2.0612,1.00,3.20
2008.05.27 19:07:35.336,2.0607,2.0612,1.00,3.20
2008.05.27 19:07:36.009,2.0607,2.0612,3.90,0.40
2008.05.27 19:07:36.125,2.0607,2.06125,3.90,0.40
2008.05.27 19:07:36.264,2.0608,2.06125,1.00,0.40
2008.05.27 19:07:36.468,2.0608,2.0613,1.00,2.80
2008.05.27 19:07:36.646,2.0608,2.06135,3.90,0.40
2008.05.27 19:07:36.876,2.0608,2.0614,3.90,3.20
2008.05.27 19:07:37.567,2.0608,2.0614,3.90,2.80
2008.05.27 19:07:37.837,2.0609,2.0614,2.80,2.80
2008.05.27 19:07:38.094,2.061,2.0615,1.00,2.80
2008.05.27 19:07:38.211,2.061,2.0616,3.90,3.20
2008.05.27 19:07:38.491,2.061,2.0616,3.90,2.80
2008.05.27 19:07:42.994,2.0611,2.0617,3.90,3.20
2008.05.27 19:07:43.343,2.0612,2.0617,1.00,3.20
2008.05.27 19:07:43.563,2.0612,2.0617,1.00,2.80
2008.05.27 19:07:43.862,2.0612,2.06175,3.90,0.40
2008.05.27 19:07:46.188,2.0612,2.0617,3.90,0.40
2008.05.27 19:07:50.488,2.0612,2.0617,2.80,0.40
2008.05.27 19:07:50.499,2.06115,2.0617,0.90,3.20
2008.05.27 19:07:50.656,2.0611,2.0617,3.90,3.20
2008.05.27 19:07:50.781,2.0611,2.06165,3.90,0.40
2008.05.27 19:07:53.960,2.0611,2.0616,1.00,2.80
2008.05.27 19:07:58.213,2.0611,2.06165,3.90,0.40
2008.05.27 19:07:58.546,2.06115,2.06165,0.90,0.40
2008.05.27 19:07:58.691,2.06115,2.0617,0.90,3.20
2008.05.27 19:08:01.657,2.06115,2.0617,0.90,2.80
2008.05.27 19:08:04.264,2.06135,2.0618,0.90,3.20
2008.05.27 19:08:04.422,2.06135,2.0618,0.90,0.40
2008.05.27 19:08:04.617,2.06135,2.06185,0.90,0.40
2008.05.27 19:08:04.997,2.0614,2.0619,1.00,5.10
2008.05.27 19:08:05.176,2.06135,2.0619,0.90,5.10
2008.05.27 19:08:05.718,2.0614,2.0619,1.00,5.10
2008.05.27 19:08:05.890,2.0614,2.0619,1.00,3.20
2008.05.27 19:08:05.971,2.06135,2.0619,0.90,3.20
2008.05.27 19:08:06.050,2.06135,2.0619,0.90,2.80
2008.05.27 19:08:06.191,2.0614,2.0619,1.00,2.80
2008.05.27 19:08:06.535,2.0614,2.06195,3.90,1.30
2008.05.27 19:08:06.942,2.06145,2.06195,0.90,0.90
2008.05.27 19:08:10.991,2.06145,2.0619,0.90,2.80
2008.05.27 19:08:11.213,2.0613,2.06175,8.10,0.90
2008.05.27 19:08:11.407,2.06125,2.06175,0.90,0.90
2008.05.27 19:08:11.774,2.06135,2.0619,0.90,4.80
2008.05.27 19:08:11.793,2.06135,2.0619,0.90,2.80
2008.05.27 19:08:14.284,2.06135,2.0618,0.90,2.80
2008.05.27 19:08:14.924,2.06125,2.06175,0.90,0.90
2008.05.27 19:08:16.849,2.06125,2.0617,0.90,2.80
2008.05.27 19:08:16.994,2.06115,2.0617,0.90,2.80
2008.05.27 19:08:17.716,2.06115,2.0617,0.90,3.20
2008.05.27 19:08:18.067,2.06115,2.0616,0.90,2.80
2008.05.27 19:08:18.360,2.06105,2.06155,0.90,0.90
2008.05.27 19:08:21.497,2.0611,2.06155,0.70,0.90
2008.05.27 19:08:21.640,2.06115,2.06165,0.90,0.40
2008.05.27 19:08:22.243,2.06115,2.0616,0.90,2.80
2008.05.27 19:08:22.502,2.061,2.06155,2.80,0.90
2008.05.27 19:08:22.981,2.06095,2.0615,1.40,2.80
2008.05.27 19:08:23.552,2.06095,2.06155,1.40,1.30
2008.05.27 19:08:23.996,2.06105,2.06155,0.90,1.30
2008.05.27 19:08:24.479,2.06105,2.0615,0.90,2.80
2008.05.27 19:08:24.589,2.06105,2.06155,0.90,1.30
2008.05.27 19:08:28.202,2.06115,2.06155,0.90,0.40
2008.05.27 19:08:29.741,2.061,2.0615,0.70,2.80
2008.05.27 19:08:29.948,2.06095,2.0615,0.90,2.80
2008.05.27 19:08:38.555,2.06095,2.0615,0.90,3.20
2008.05.27 19:08:38.958,2.06095,2.0614,0.90,2.80
2008.05.27 19:08:39.002,2.06095,2.0614,0.90,3.20
2008.05.27 19:08:40.719,2.06095,2.0614,0.90,2.80
2008.05.27 19:08:41.207,2.06095,2.06135,0.90,0.40
2008.05.27 19:08:41.472,2.0608,2.06135,5.70,0.40
2008.05.27 19:08:41.565,2.0608,2.06135,4.80,0.40
2008.05.27 19:08:41.753,2.0608,2.0613,1.90,2.80
2008.05.27 19:08:41.945,2.0608,2.0613,0.90,2.80
2008.05.27 19:08:42.529,2.0608,2.0613,2.80,2.80
2008.05.27 19:08:42.729,2.0608,2.0613,0.90,2.80
2008.05.27 19:08:43.922,2.06075,2.0613,0.90,2.80
2008.05.27 19:08:49.132,2.0608,2.0613,0.70,2.80
2008.05.27 19:08:49.242,2.0608,2.06135,3.30,0.40
2008.05.27 19:08:49.945,2.0608,2.0614,3.30,3.20
2008.05.27 19:08:50.852,2.0609,2.0614,2.80,0.40
2008.05.27 19:08:50.878,2.0609,2.0614,3.30,0.40
2008.05.27 19:08:51.011,2.0609,2.0615,3.30,3.20
2008.05.27 19:08:51.144,2.0609,2.0615,3.80,3.20
2008.05.27 19:08:51.205,2.0609,2.0615,4.80,3.20
2008.05.27 19:08:51.345,2.0609,2.0615,5.20,3.20
2008.05.27 19:08:51.617,2.06095,2.0615,0.90,3.20
2008.05.27 19:08:53.399,2.06095,2.0615,1.40,3.20
2008.05.27 19:08:54.264,2.06105,2.0615,0.70,3.20
2008.05.27 19:08:54.911,2.06105,2.0615,0.70,0.40
2008.05.27 19:08:55.130,2.06105,2.0616,0.70,3.20
2008.05.27 19:08:56.535,2.06115,2.0616,0.90,3.20
2008.05.27 19:08:57.287,2.06115,2.0616,1.40,3.20
2008.05.27 19:08:57.517,2.06115,2.06165,1.40,0.40
2008.05.27 19:08:57.762,2.06115,2.0617,1.40,3.20
2008.05.27 19:08:58.037,2.06125,2.0617,0.90,2.80
2008.05.27 19:09:01.449,2.06115,2.0617,1.40,2.80
2008.05.27 19:09:01.868,2.06115,2.0616,1.40,2.80
2008.05.27 19:09:02.079,2.06145,2.0616,0.90,2.80
2008.05.27 19:09:03.346,2.06145,2.06185,0.90,0.40
2008.05.27 19:09:03.636,2.06135,2.06185,1.40,0.40
2008.05.27 19:09:03.975,2.06135,2.06185,0.90,0.40
2008.05.27 19:09:04.108,2.06135,2.0618,0.90,2.80
2008.05.27 19:09:04.728,2.06135,2.06185,0.90,0.40
2008.05.27 19:09:04.924,2.06135,2.06185,1.40,0.40
2008.05.27 19:09:05.168,2.06135,2.0618,1.40,2.80
2008.05.27 19:09:05.537,2.06135,2.0618,0.90,2.80
2008.05.27 19:09:05.607,2.06135,2.06185,0.90,0.40
2008.05.27 19:09:06.114,2.06135,2.06185,1.40,0.40
2008.05.27 19:09:07.030,2.06135,2.06185,0.90,0.40
2008.05.27 19:09:09.452,2.06135,2.06185,1.40,0.40
2008.05.27 19:09:11.335,2.06135,2.0618,1.40,0.40
2008.05.27 19:09:13.160,2.06135,2.0618,0.90,0.40
2008.05.27 19:09:13.326,2.0613,2.0618,2.80,0.40
2008.05.27 19:09:13.335,2.06125,2.0618,0.70,3.20
2008.05.27 19:09:13.513,2.0612,2.0618,2.80,3.20
2008.05.27 19:09:13.527,2.06115,2.0617,3.80,2.80
2008.05.27 19:09:13.540,2.06115,2.0617,1.40,2.80
2008.05.27 19:09:13.704,2.06115,2.0617,0.90,2.80
2008.05.27 19:09:14.023,2.06105,2.0616,0.70,2.80
2008.05.27 19:09:14.340,2.061,2.0616,3.30,2.80
2008.05.27 19:09:14.556,2.06115,2.0616,0.90,2.80
2008.05.27 19:09:19.124,2.06115,2.06165,0.90,0.40
2008.05.27 19:09:23.562,2.0612,2.06165,2.80,0.40
2008.05.27 19:09:24.362,2.0612,2.0617,2.80,0.40
2008.05.27 19:09:25.079,2.0612,2.0617,3.30,0.40
2008.05.27 19:09:25.185,2.0612,2.06175,3.30,1.30
2008.05.27 19:09:31.675,2.0612,2.0617,2.80,0.40
2008.05.27 19:09:31.825,2.06115,2.0617,0.90,3.20
2008.05.27 19:09:32.004,2.06115,2.0616,0.90,1.90
2008.05.27 19:09:32.073,2.061,2.06155,10.00,0.90
2008.05.27 19:09:32.209,2.061,2.06155,3.30,0.90
2008.05.27 19:09:32.747,2.061,2.06155,2.80,0.90
2008.05.27 19:09:33.035,2.06095,2.0615,0.90,2.80
2008.05.27 19:09:33.349,2.0609,2.06135,3.30,0.90
2008.05.27 19:09:34.967,2.0609,2.06135,5.20,0.90
2008.05.27 19:09:35.269,2.0611,2.06155,0.70,1.30
2008.05.27 19:09:35.338,2.0611,2.06155,3.30,1.30
2008.05.27 19:09:42.238,2.0611,2.06155,2.80,1.30
2008.05.27 19:09:42.252,2.061,2.06155,6.20,1.30
2008.05.27 19:09:42.377,2.061,2.06155,4.30,1.30
2008.05.27 19:09:42.526,2.061,2.06155,3.30,1.30
2008.05.27 19:09:43.138,2.061,2.06155,0.70,1.30
2008.05.27 19:09:43.868,2.061,2.06155,0.70,0.40
2008.05.27 19:09:44.035,2.06095,2.06155,1.40,0.40
2008.05.27 19:09:44.457,2.06105,2.0615,0.70,0.40
2008.05.27 19:09:44.806,2.06105,2.06155,0.70,0.40
2008.05.27 19:09:45.207,2.06105,2.0616,0.70,3.20
2008.05.27 19:09:46.688,2.06115,2.0616,0.70,3.20
2008.05.27 19:09:46.752,2.0612,2.0616,2.80,0.40
2008.05.27 19:09:49.510,2.06105,2.0616,2.80,3.20
2008.05.27 19:09:49.672,2.0611,2.0616,0.70,3.20
2008.05.27 19:09:50.152,2.0611,2.06155,3.30,0.90
2008.05.27 19:09:52.467,2.0611,2.06165,3.30,0.40
2008.05.27 19:09:52.685,2.06115,2.06165,0.70,0.40
2008.05.27 19:09:52.977,2.06115,2.0616,0.70,2.80
2008.05.27 19:09:53.708,2.06105,2.0616,1.40,2.80
2008.05.27 19:09:53.856,2.06115,2.0616,0.70,2.80
2008.05.27 19:09:54.364,2.06115,2.06165,0.70,0.40
2008.05.27 19:09:58.116,2.06125,2.06165,0.70,0.40
2008.05.27 19:10:10.431,2.06125,2.0617,0.70,0.40
2008.05.27 19:10:10.675,2.06135,2.0617,0.70,0.40
2008.05.27 19:10:10.891,2.06135,2.06175,0.70,1.30
2008.05.27 19:10:13.436,2.06135,2.06175,0.70,0.90
2008.05.27 19:10:15.114,2.0613,2.06175,0.70,0.90
2008.05.27 19:10:16.174,2.0612,2.06175,5.70,0.90
2008.05.27 19:10:16.349,2.0612,2.06175,3.30,0.90
2008.05.27 19:10:17.928,2.0613,2.06175,3.30,0.90
2008.05.27 19:10:29.865,2.06135,2.06185,0.90,0.40
2008.05.27 19:10:33.140,2.0613,2.06175,3.30,0.90
2008.05.27 19:10:48.813,2.0614,2.06195,3.30,1.30
2008.05.27 19:10:48.987,2.0614,2.06195,3.30,0.90
2008.05.27 19:10:49.250,2.0615,2.06195,0.70,0.90
2008.05.27 19:10:49.603,2.0615,2.06195,3.30,0.90
2008.05.27 19:10:51.546,2.0615,2.06205,3.30,0.40
2008.05.27 19:10:53.959,2.0615,2.06205,2.80,0.40
2008.05.27 19:10:54.013,2.0614,2.062,6.20,2.80
2008.05.27 19:10:54.171,2.0614,2.062,4.30,4.80
2008.05.27 19:10:54.190,2.0614,2.062,3.30,4.80
2008.05.27 19:10:55.210,2.0614,2.062,2.80,4.80
2008.05.27 19:10:56.433,2.06135,2.0619,0.70,2.80
2008.05.27 19:10:57.255,2.0613,2.0619,2.80,2.80
2008.05.27 19:10:57.293,2.06125,2.0618,0.70,1.90
2008.05.27 19:11:02.754,2.06135,2.0618,0.70,1.90
2008.05.27 19:11:02.797,2.06135,2.0619,0.70,4.80
2008.05.27 19:11:03.198,2.06125,2.0619,2.80,4.80
2008.05.27 19:11:03.214,2.06125,2.0618,2.80,1.90
2008.05.27 19:11:03.464,2.06125,2.0618,0.70,1.90
2008.05.27 19:11:04.487,2.06125,2.0619,0.70,4.80
2008.05.27 19:11:04.680,2.0613,2.0619,0.70,4.80
2008.05.27 19:11:05.000,2.0613,2.0619,3.30,4.80
2008.05.27 19:11:07.459,2.0613,2.0619,3.30,2.80
2008.05.27 19:11:13.006,2.0613,2.0619,3.30,3.20
2008.05.27 19:11:13.552,2.0613,2.06185,3.30,0.40
2008.05.27 19:11:16.414,2.0613,2.0618,3.30,0.40
2008.05.27 19:11:20.891,2.06125,2.0618,0.70,0.40
2008.05.27 19:11:21.206,2.0613,2.0618,0.70,0.40
2008.05.27 19:11:22.459,2.0613,2.0618,0.70,0.40
2008.05.27 19:11:23.882,2.0613,2.0618,0.70,1.10
2008.05.27 19:11:25.382,2.0613,2.0618,0.70,0.40
2008.05.27 19:11:26.278,2.0612,2.0618,5.70,0.70
2008.05.27 19:11:26.327,2.0612,2.0618,3.30,0.60
2008.05.27 19:11:26.758,2.0612,2.06175,3.30,0.40
2008.05.27 19:11:27.879,2.0612,2.06175,2.80,0.40
2008.05.27 19:11:28.072,2.0612,2.0617,2.80,0.40
2008.05.27 19:11:28.315,2.06115,2.0617,0.70,3.20
2008.05.27 19:11:28.628,2.06115,2.0616,0.70,2.80
2008.05.27 19:11:28.741,2.0611,2.0616,0.70,2.80
2008.05.27 19:11:29.303,2.06115,2.0616,0.70,2.80
2008.05.27 19:11:31.461,2.06105,2.0616,2.80,4.80
2008.05.27 19:11:31.681,2.06105,2.0616,0.70,4.80
2008.05.27 19:11:31.771,2.06105,2.0616,0.70,5.10
2008.05.27 19:11:32.227,2.06105,2.06155,0.70,0.90
2008.05.27 19:11:34.379,2.06105,2.06155,1.40,0.90
2008.05.27 19:11:46.148,2.06105,2.06155,0.70,0.90
2008.05.27 19:11:54.002,2.06105,2.06155,0.70,1.30
2008.05.27 19:11:54.367,2.06095,2.06155,3.80,1.30
2008.05.27 19:11:54.556,2.06095,2.06155,1.40,1.30
2008.05.27 19:11:56.012,2.06095,2.0615,1.40,0.40
2008.05.27 19:12:04.122,2.06095,2.06135,0.70,0.90
2008.05.27 19:12:04.147,2.0609,2.06135,2.80,0.90
2008.05.27 19:12:04.289,2.0608,2.0613,0.90,2.80
2008.05.27 19:12:04.357,2.06075,2.0613,1.40,2.80
2008.05.27 19:12:07.347,2.06075,2.0613,0.90,2.80
2008.05.27 19:12:07.497,2.06075,2.0612,0.90,2.80
2008.05.27 19:12:07.544,2.0607,2.06115,0.90,0.90
2008.05.27 19:12:07.673,2.06065,2.06115,0.70,0.90
2008.05.27 19:12:07.757,2.0606,2.06115,2.80,0.90
2008.05.27 19:12:11.652,2.0606,2.06115,2.80,1.30
2008.05.27 19:12:13.266,2.0606,2.06115,3.30,1.30
2008.05.27 19:12:13.477,2.0606,2.0611,3.30,1.90
2008.05.27 19:12:13.491,2.0606,2.0611,0.70,4.80
2008.05.27 19:12:13.506,2.0606,2.0611,0.70,5.10
2008.05.27 19:12:13.790,2.06055,2.0611,1.40,5.10
2008.05.27 19:12:19.020,2.0605,2.0611,2.80,5.10
2008.05.27 19:12:19.149,2.0605,2.06105,2.80,0.40
2008.05.27 19:12:19.161,2.06045,2.061,2.80,2.80
2008.05.27 19:12:19.176,2.06045,2.061,0.70,4.80
2008.05.27 19:12:19.581,2.06045,2.061,0.70,5.10
2008.05.27 19:12:27.279,2.0605,2.061,0.70,5.10
2008.05.27 19:12:27.489,2.06045,2.061,0.70,2.80
2008.05.27 19:12:27.763,2.06065,2.061,0.90,2.80
2008.05.27 19:12:27.803,2.06065,2.06105,0.90,0.40
2008.05.27 19:12:28.023,2.06065,2.061,0.90,2.80
2008.05.27 19:12:28.811,2.06065,2.06105,0.90,0.40
2008.05.27 19:12:29.017,2.06065,2.061,0.90,2.80
2008.05.27 19:12:29.681,2.06065,2.06105,0.90,0.40
2008.05.27 19:12:30.125,2.06065,2.061,0.90,2.80
2008.05.27 19:12:31.835,2.06065,2.06105,0.90,0.40
2008.05.27 19:12:32.073,2.06055,2.06105,1.40,0.40
2008.05.27 19:12:32.471,2.06055,2.061,0.90,2.80
2008.05.27 19:12:44.284,2.0606,2.061,0.90,2.80
2008.05.27 19:13:07.599,2.0607,2.061,0.90,2.80
2008.05.27 19:13:14.287,2.0606,2.061,0.90,2.80
2008.05.27 19:13:14.546,2.0606,2.061,2.80,2.80
2008.05.27 19:13:14.704,2.0607,2.061,0.90,2.80
2008.05.27 19:13:15.836,2.0606,2.061,2.80,2.80
2008.05.27 19:13:16.223,2.0606,2.061,0.90,2.80
2008.05.27 19:13:17.216,2.0607,2.061,0.90,2.80
2008.05.27 19:13:21.186,2.0607,2.0611,0.90,3.20
2008.05.27 19:13:23.016,2.0607,2.0611,0.90,0.40
2008.05.27 19:13:23.265,2.0607,2.06115,0.90,0.40
2008.05.27 19:13:23.642,2.0607,2.06115,3.80,0.40
2008.05.27 19:13:23.777,2.0607,2.0612,3.80,0.40
2008.05.27 19:13:28.578,2.0607,2.06125,3.80,0.40
2008.05.27 19:13:33.145,2.0607,2.0612,0.90,2.80
2008.05.27 19:13:33.636,2.0607,2.0612,0.90,3.20
2008.05.27 19:13:34.663,2.0607,2.06115,0.90,0.40
2008.05.27 19:13:38.012,2.0607,2.0611,0.90,0.40
2008.05.27 19:13:38.285,2.0607,2.0611,0.90,4.20
2008.05.27 19:13:38.449,2.0605,2.0611,3.80,4.20
2008.05.27 19:13:38.528,2.0605,2.061,0.90,2.80
2008.05.27 19:13:39.835,2.0605,2.061,0.90,3.20
2008.05.27 19:13:40.168,2.0605,2.06095,0.90,0.40
2008.05.27 19:13:48.066,2.0605,2.0609,0.90,0.90
2008.05.27 19:13:48.274,2.0605,2.0608,0.90,2.80
2008.05.27 19:13:48.383,2.0603,2.0608,0.90,2.80
2008.05.27 19:13:49.067,2.0603,2.0609,3.80,3.20
2008.05.27 19:13:49.520,2.06035,2.0609,0.70,3.20
2008.05.27 19:13:49.545,2.0605,2.0609,0.90,3.20
2008.05.27 19:13:50.020,2.0605,2.0609,0.90,0.40
2008.05.27 19:13:50.762,2.0605,2.0609,0.90,3.20
2008.05.27 19:13:50.954,2.0603,2.0609,4.30,3.20
2008.05.27 19:13:51.499,2.0604,2.0609,0.70,3.20
2008.05.27 19:13:51.998,2.0604,2.0609,3.30,0.40
2008.05.27 19:13:52.446,2.0605,2.0609,0.70,0.40
2008.05.27 19:13:52.597,2.0605,2.061,1.40,3.20
2008.05.27 19:13:52.744,2.0605,2.061,4.30,0.40
2008.05.27 19:13:53.179,2.0606,2.061,0.70,0.40
2008.05.27 19:13:53.327,2.0606,2.06105,0.70,0.40
2008.05.27 19:13:53.476,2.0606,2.0611,0.70,3.20
2008.05.27 19:13:53.596,2.06055,2.0611,0.70,3.20
2008.05.27 19:13:53.817,2.0606,2.06115,2.80,0.40
2008.05.27 19:13:53.929,2.06065,2.06115,0.70,0.40
2008.05.27 19:13:54.137,2.0607,2.06115,5.70,0.40
2008.05.27 19:13:54.545,2.0606,2.06115,2.80,0.40
2008.05.27 19:13:54.680,2.0605,2.0611,6.20,2.80
2008.05.27 19:13:56.738,2.0605,2.061,3.30,2.80
2008.05.27 19:13:56.971,2.0605,2.0611,6.20,2.80
2008.05.27 19:13:58.918,2.0606,2.0611,0.70,2.80
2008.05.27 19:13:58.932,2.0607,2.0611,1.90,2.80
2008.05.27 19:13:59.117,2.0607,2.06115,1.90,0.40
2008.05.27 19:13:59.157,2.0607,2.0612,1.90,3.20
2008.05.27 19:13:59.198,2.0607,2.0612,2.80,3.20
2008.05.27 19:13:59.597,2.0607,2.0612,5.70,0.40
2008.05.27 19:14:00.008,2.06075,2.0612,0.90,0.40
2008.05.27 19:14:00.902,2.0607,2.0612,5.70,0.40
2008.05.27 19:14:02.501,2.0607,2.0612,6.20,0.40
2008.05.27 19:14:03.638,2.0607,2.0612,5.70,0.40
2008.05.27 19:14:03.692,2.0607,2.0612,2.80,3.20
2008.05.27 19:14:03.836,2.0607,2.0612,0.90,3.20
2008.05.27 19:14:05.603,2.06075,2.0612,0.90,3.20
2008.05.27 19:14:06.142,2.0607,2.0612,0.90,3.20
2008.05.27 19:14:06.571,2.06075,2.0612,0.90,3.20
2008.05.27 19:14:10.259,2.0607,2.061,0.90,2.80
2008.05.27 19:14:10.397,2.06055,2.061,0.90,2.80
2008.05.27 19:14:10.553,2.06055,2.06105,0.90,0.90
2008.05.27 19:14:10.632,2.06055,2.0611,0.90,2.80
2008.05.27 19:14:19.734,2.0606,2.06115,3.30,0.40
2008.05.27 19:14:19.873,2.0607,2.06115,0.90,0.40
2008.05.27 19:14:20.413,2.06075,2.06115,0.90,0.40
2008.05.27 19:14:45.387,2.0606,2.06115,4.30,0.40
2008.05.27 19:14:45.433,2.0606,2.06115,3.80,0.40
2008.05.27 19:14:45.641,2.0606,2.0611,0.90,2.80
2008.05.27 19:14:45.699,2.06055,2.0611,0.90,2.80
2008.05.27 19:14:47.304,2.06055,2.0611,0.90,3.20
2008.05.27 19:15:01.464,2.06055,2.061,0.90,2.80
2008.05.27 19:15:01.642,2.06075,2.061,0.90,2.80
2008.05.27 19:15:01.963,2.06075,2.06105,0.90,0.40
2008.05.27 19:15:02.409,2.06075,2.0611,0.90,0.40
2008.05.27 19:15:04.427,2.0606,2.0611,0.90,3.20
2008.05.27 19:15:04.564,2.06055,2.0611,1.40,3.20
2008.05.27 19:15:10.885,2.06065,2.0611,0.70,3.20
2008.05.27 19:15:11.127,2.06065,2.0611,0.70,0.40
2008.05.27 19:15:11.550,2.06075,2.0611,0.90,0.40
2008.05.27 19:15:11.614,2.06075,2.06115,0.90,1.30
2008.05.27 19:15:17.412,2.06075,2.06115,0.90,0.90
2008.05.27 19:15:20.025,2.0607,2.06115,4.30,0.90
2008.05.27 19:15:20.155,2.0607,2.0612,4.30,0.40
2008.05.27 19:15:20.480,2.06075,2.0612,0.90,0.40
2008.05.27 19:15:20.647,2.06075,2.06125,0.90,0.40
2008.05.27 19:15:22.280,2.0607,2.06125,4.30,0.40
2008.05.27 19:15:23.383,2.0608,2.06125,3.30,0.40
2008.05.27 19:15:23.802,2.0608,2.06135,3.30,0.40
2008.05.27 19:15:24.688,2.06085,2.06135,0.70,0.40
2008.05.27 19:15:26.005,2.06085,2.0614,0.70,4.80
2008.05.27 19:15:26.126,2.0609,2.0614,2.80,1.90
2008.05.27 19:15:26.229,2.0609,2.0614,3.30,1.90
2008.05.27 19:15:28.618,2.0609,2.06145,3.30,0.40
2008.05.27 19:15:42.063,2.061,2.06145,0.70,0.40
2008.05.27 19:15:42.467,2.0609,2.06145,3.30,0.40
2008.05.27 19:15:42.677,2.0609,2.0615,3.30,3.20
2008.05.27 19:15:44.902,2.061,2.0615,0.70,3.20
2008.05.27 19:15:45.174,2.0609,2.0615,3.30,3.20
2008.05.27 19:15:46.211,2.0609,2.0615,2.80,3.20
2008.05.27 19:15:47.093,2.06095,2.0615,0.90,3.20
2008.05.27 19:15:50.509,2.06095,2.0615,0.90,2.80
2008.05.27 19:15:51.438,2.06095,2.0615,1.40,2.80
2008.05.27 19:15:51.646,2.061,2.06155,2.80,1.30
2008.05.27 19:15:51.957,2.061,2.06155,3.80,1.30
2008.05.27 19:15:52.063,2.06105,2.06155,0.90,1.30
2008.05.27 19:15:54.562,2.061,2.06155,3.80,1.30
2008.05.27 19:15:58.843,2.061,2.0615,0.90,2.80
2008.05.27 19:15:59.129,2.06095,2.0615,1.40,2.80
2008.05.27 19:15:59.208,2.06095,2.0615,0.90,2.80
2008.05.27 19:15:59.531,2.06095,2.0615,0.90,3.20
2008.05.27 19:16:01.739,2.06095,2.06145,0.90,0.40
2008.05.27 19:16:06.963,2.0609,2.06145,4.30,0.40
2008.05.27 19:16:07.303,2.0609,2.0614,0.90,2.80
2008.05.27 19:16:07.537,2.06095,2.0613,0.90,2.80
2008.05.27 19:16:07.776,2.06095,2.0614,0.90,2.80
2008.05.27 19:16:08.039,2.0609,2.0614,0.90,2.80
2008.05.27 19:16:08.609,2.06095,2.0614,0.90,2.80
2008.05.27 19:16:08.783,2.06095,2.0615,0.90,5.10
2008.05.27 19:16:13.408,2.06095,2.0615,1.40,5.10
2008.05.27 19:16:13.483,2.061,2.0615,2.80,2.20
2008.05.27 19:16:13.609,2.061,2.0615,2.80,1.90
2008.05.27 19:16:13.739,2.061,2.06155,2.80,0.40
2008.05.27 19:16:20.687,2.061,2.0615,2.80,0.40
2008.05.27 19:16:21.262,2.06095,2.0615,1.40,3.20
2008.05.27 19:16:21.593,2.061,2.0615,2.80,0.40
2008.05.27 19:16:23.787,2.06095,2.0614,1.40,2.80
2008.05.27 19:16:24.233,2.06095,2.0615,1.40,3.20
2008.05.27 19:16:24.446,2.06105,2.0615,0.70,3.20
2008.05.27 19:16:24.764,2.0611,2.0615,0.90,3.20
2008.05.27 19:16:25.070,2.06115,2.0615,0.90,3.20
2008.05.27 19:16:25.135,2.06115,2.0615,0.90,0.40
2008.05.27 19:16:26.212,2.0611,2.0615,3.80,0.40
2008.05.27 19:16:26.497,2.06095,2.0615,0.90,3.20
2008.05.27 19:16:35.259,2.06095,2.06145,0.90,0.40
2008.05.27 19:16:41.461,2.061,2.06145,2.80,0.40
2008.05.27 19:16:41.592,2.061,2.06145,3.30,0.40
2008.05.27 19:16:42.188,2.061,2.06155,3.30,0.40
2008.05.27 19:16:43.649,2.0611,2.06155,0.70,0.40
2008.05.27 19:16:43.819,2.0611,2.0616,3.30,0.40
2008.05.27 19:16:43.976,2.0611,2.0616,4.30,0.40
2008.05.27 19:16:44.063,2.0611,2.06165,3.80,0.40
2008.05.27 19:16:44.385,2.06115,2.06165,0.90,0.40
2008.05.27 19:16:44.482,2.06115,2.0617,1.40,3.20
2008.05.27 19:16:44.595,2.0612,2.0617,2.80,0.40
2008.05.27 19:16:45.299,2.0612,2.06175,2.80,0.40
2008.05.27 19:16:46.382,2.0611,2.0617,4.30,2.80
2008.05.27 19:16:47.149,2.0611,2.0617,4.30,3.20
2008.05.27 19:16:47.227,2.0612,2.0617,0.90,3.20
2008.05.27 19:16:48.560,2.0611,2.0617,4.30,3.20
2008.05.27 19:16:49.286,2.0611,2.0617,3.30,3.20
2008.05.27 19:16:50.938,2.0611,2.0617,3.30,2.80
2008.05.27 19:16:51.833,2.0612,2.06175,3.30,0.40
2008.05.27 19:16:51.862,2.0612,2.06175,4.30,0.40
2008.05.27 19:16:52.060,2.0612,2.0618,4.30,3.20
2008.05.27 19:16:52.340,2.06125,2.0618,0.90,3.20
2008.05.27 19:16:54.098,2.06125,2.0618,0.90,2.80
2008.05.27 19:16:59.049,2.06125,2.0618,1.40,2.80
2008.05.27 19:17:00.586,2.0613,2.0618,0.70,2.80
2008.05.27 19:17:00.743,2.0614,2.0619,0.90,3.20
2008.05.27 19:17:00.767,2.06145,2.0619,0.90,3.20
2008.05.27 19:17:01.050,2.0614,2.0619,0.90,3.20
2008.05.27 19:17:01.229,2.06135,2.0619,1.40,3.20
2008.05.27 19:17:01.327,2.06135,2.0619,0.90,3.20
2008.05.27 19:17:01.681,2.06135,2.06185,0.90,0.40
2008.05.27 19:17:16.200,2.06145,2.06185,0.90,0.40
2008.05.27 19:17:16.789,2.0613,2.06185,4.30,0.40
2008.05.27 19:17:16.991,2.0614,2.06185,0.70,0.40
2008.05.27 19:17:17.390,2.0614,2.06185,3.30,0.40
2008.05.27 19:17:17.590,2.06145,2.0619,0.70,0.40
2008.05.27 19:17:18.506,2.06145,2.06185,0.70,0.40
2008.05.27 19:17:18.647,2.0614,2.06185,2.80,0.40
2008.05.27 19:17:18.871,2.06135,2.06185,0.70,0.40
2008.05.27 19:17:19.234,2.06135,2.0618,0.70,0.40
2008.05.27 19:17:20.691,2.06135,2.0618,0.70,2.20
2008.05.27 19:17:20.735,2.06135,2.0618,0.70,5.10
2008.05.27 19:17:20.968,2.06125,2.0618,2.80,5.10
2008.05.27 19:17:21.012,2.06125,2.06175,2.80,0.40
2008.05.27 19:17:21.209,2.06125,2.06175,0.70,0.40
2008.05.27 19:17:21.583,2.06125,2.0617,0.70,0.40
2008.05.27 19:17:22.409,2.06125,2.0617,1.40,0.40
2008.05.27 19:17:22.768,2.06125,2.0617,0.70,0.40
2008.05.27 19:17:26.156,2.0612,2.0617,2.80,0.40
2008.05.27 19:17:26.272,2.06115,2.0617,3.80,5.10
2008.05.27 19:17:26.405,2.06115,2.0617,1.40,5.10
2008.05.27 19:17:26.523,2.06115,2.0616,1.40,1.90
2008.05.27 19:17:26.742,2.06105,2.0616,2.80,4.80
2008.05.27 19:17:26.857,2.06105,2.0616,2.80,5.10
2008.05.27 19:17:26.973,2.06105,2.0616,0.70,5.10
2008.05.27 19:17:27.448,2.06115,2.0616,0.70,5.10
2008.05.27 19:17:27.549,2.06115,2.0616,0.70,2.20
2008.05.27 19:17:27.701,2.06115,2.0616,0.70,0.40
2008.05.27 19:17:28.096,2.06115,2.0616,1.40,0.40
2008.05.27 19:17:30.969,2.06115,2.0616,0.70,0.40
2008.05.27 19:17:31.846,2.06115,2.0616,1.40,0.40
2008.05.27 19:17:32.019,2.06115,2.06165,1.40,0.40
2008.05.27 19:17:35.730,2.06125,2.06165,0.70,0.40
2008.05.27 19:17:37.465,2.06125,2.0617,0.70,0.40
2008.05.27 19:17:46.674,2.06125,2.06175,0.70,0.40
2008.05.27 19:17:49.470,2.0614,2.06175,0.70,0.40
2008.05.27 19:17:49.770,2.0614,2.06185,0.70,0.40
2008.05.27 19:17:51.965,2.0614,2.0619,0.70,3.20
2008.05.27 19:17:59.035,2.0613,2.0619,6.70,3.20
2008.05.27 19:17:59.143,2.0613,2.0619,3.30,3.20
2008.05.27 19:17:59.424,2.0613,2.0619,2.80,3.20
2008.05.27 19:17:59.642,2.06125,2.0618,0.70,2.80
2008.05.27 19:18:08.177,2.06125,2.0618,1.40,3.20
2008.05.27 19:18:09.106,2.06125,2.0617,1.40,2.80
2008.05.27 19:18:09.201,2.06125,2.0617,0.70,2.80
2008.05.27 19:18:11.339,2.06135,2.0617,0.70,2.80
2008.05.27 19:18:11.603,2.0614,2.0617,0.90,2.80
2008.05.27 19:18:11.616,2.0614,2.06175,0.90,0.40
2008.05.27 19:18:14.043,2.0612,2.0617,0.70,2.80
2008.05.27 19:18:14.453,2.06115,2.0617,0.70,2.80
2008.05.27 19:18:15.524,2.06115,2.0617,1.40,2.80
2008.05.27 19:18:16.029,2.06115,2.0617,0.90,2.80
2008.05.27 19:18:16.183,2.06115,2.0617,0.90,3.20
2008.05.27 19:18:16.337,2.06115,2.0616,0.90,2.80
2008.05.27 19:18:16.747,2.06105,2.0616,0.70,2.80
2008.05.27 19:18:18.338,2.06105,2.0616,1.40,2.80
2008.05.27 19:18:18.974,2.06125,2.0616,0.70,2.80
2008.05.27 19:18:19.184,2.06125,2.0617,0.70,0.40
2008.05.27 19:18:19.253,2.06125,2.0617,1.40,0.40
2008.05.27 19:18:19.519,2.06125,2.0617,0.90,0.40
2008.05.27 19:18:19.589,2.06125,2.0617,0.90,3.20
2008.05.27 19:18:19.661,2.06115,2.0617,2.40,3.20
2008.05.27 19:18:19.731,2.0611,2.0617,4.30,3.20
2008.05.27 19:18:19.959,2.06115,2.0617,0.70,3.20
2008.05.27 19:18:20.212,2.06115,2.0616,0.70,2.80
2008.05.27 19:18:20.626,2.0611,2.0616,0.90,2.80
2008.05.27 19:18:24.026,2.06105,2.0616,0.70,2.80
2008.05.27 19:18:29.495,2.061,2.0616,6.70,2.80
2008.05.27 19:18:29.857,2.061,2.0616,4.30,2.80
2008.05.27 19:18:32.155,2.061,2.0616,3.80,2.80
2008.05.27 19:18:32.476,2.061,2.0616,2.80,2.80
2008.05.27 19:18:32.520,2.06095,2.0615,0.70,2.80
2008.05.27 19:18:32.849,2.06095,2.0614,0.70,2.80
2008.05.27 19:18:33.172,2.06085,2.0614,0.70,2.80
2008.05.27 19:18:35.114,2.0608,2.0614,3.80,2.80
2008.05.27 19:18:35.327,2.0608,2.0613,0.90,2.80
2008.05.27 19:18:35.522,2.0609,2.0613,0.70,2.80
2008.05.27 19:18:35.667,2.0609,2.0614,0.70,2.80
2008.05.27 19:18:35.954,2.0609,2.06145,3.30,0.40
2008.05.27 19:18:36.146,2.06095,2.06145,0.70,0.40
2008.05.27 19:18:36.291,2.06095,2.06145,1.40,0.40
2008.05.27 19:18:39.975,2.06095,2.06145,0.90,0.40
2008.05.27 19:18:40.933,2.0609,2.06145,4.30,0.40
2008.05.27 19:18:41.548,2.0611,2.06145,0.70,0.40
2008.05.27 19:18:41.696,2.0611,2.0615,0.70,0.40
2008.05.27 19:18:42.067,2.06105,2.0615,0.90,0.40
2008.05.27 19:18:42.393,2.06105,2.0615,0.90,3.20
2008.05.27 19:18:42.425,2.061,2.0615,0.70,3.20
2008.05.27 19:18:42.707,2.061,2.06145,0.70,0.40
2008.05.27 19:18:51.331,2.061,2.0615,2.80,3.20
2008.05.27 19:18:51.398,2.0611,2.0615,0.70,3.20
2008.05.27 19:18:51.608,2.0611,2.0615,0.70,0.40
2008.05.27 19:18:51.679,2.0611,2.06155,0.70,0.40
2008.05.27 19:18:51.886,2.0611,2.0616,0.70,3.20
2008.05.27 19:18:52.530,2.061,2.0615,0.70,2.80
2008.05.27 19:18:53.376,2.0611,2.0615,0.70,2.80
2008.05.27 19:18:53.508,2.0611,2.0616,0.70,3.20
2008.05.27 19:18:55.019,2.0611,2.0616,0.70,2.80
2008.05.27 19:18:55.388,2.0612,2.0616,0.70,2.80
2008.05.27 19:18:55.563,2.0612,2.06165,0.70,0.40
2008.05.27 19:18:59.495,2.06115,2.06165,0.90,0.40
2008.05.27 19:18:59.517,2.0611,2.0616,5.70,2.80
2008.05.27 19:18:59.532,2.0611,2.0616,3.80,2.80
2008.05.27 19:18:59.658,2.0611,2.0616,0.70,2.80
2008.05.27 19:18:59.949,2.0612,2.0616,0.70,2.80
2008.05.27 19:19:00.013,2.0612,2.06165,0.70,0.40
2008.05.27 19:19:00.512,2.0613,2.06165,0.70,0.40
2008.05.27 19:19:01.185,2.0612,2.06165,5.70,0.40
2008.05.27 19:19:01.401,2.0612,2.06165,0.70,0.40
2008.05.27 19:19:01.693,2.0611,2.06165,6.70,0.40
2008.05.27 19:19:01.794,2.061,2.0616,5.70,2.80
2008.05.27 19:19:01.976,2.0612,2.0615,0.70,2.80
2008.05.27 19:19:02.781,2.0612,2.06165,0.70,0.40
2008.05.27 19:19:04.232,2.0612,2.0617,0.70,3.20
2008.05.27 19:19:05.393,2.0612,2.0616,0.70,2.80
2008.05.27 19:19:05.420,2.06115,2.0616,0.90,2.80
2008.05.27 19:19:08.607,2.0612,2.0616,0.70,2.80
2008.05.27 19:19:08.832,2.0612,2.0617,0.70,3.20
2008.05.27 19:19:08.853,2.0612,2.0617,0.70,2.80
2008.05.27 19:19:08.979,2.0612,2.06175,3.30,1.30
2008.05.27 19:19:10.955,2.0613,2.06175,3.30,1.30
2008.05.27 19:19:11.036,2.0613,2.06175,4.30,1.30
2008.05.27 19:19:11.153,2.0613,2.06175,4.30,0.90
2008.05.27 19:19:11.564,2.0614,2.06175,3.30,0.90
2008.05.27 19:19:11.646,2.0615,2.06185,0.70,0.40
2008.05.27 19:19:11.906,2.0615,2.06185,1.40,0.40
2008.05.27 19:19:12.138,2.0615,2.0619,0.90,0.40
2008.05.27 19:19:12.276,2.0615,2.0619,0.70,0.40
2008.05.27 19:19:12.572,2.06155,2.06195,0.70,0.40
2008.05.27 19:19:13.009,2.0616,2.06195,2.80,0.40
2008.05.27 19:19:13.469,2.0616,2.062,2.80,0.40
2008.05.27 19:19:13.583,2.0616,2.062,3.30,0.40
2008.05.27 19:19:15.659,2.0616,2.062,2.80,0.40
2008.05.27 19:19:15.993,2.06155,2.062,0.70,0.40
2008.05.27 19:19:16.301,2.06155,2.06195,0.70,0.40
2008.05.27 19:19:16.534,2.06145,2.0619,0.70,2.80
2008.05.27 19:19:16.688,2.06145,2.0618,0.70,2.80
2008.05.27 19:19:17.682,2.0615,2.0618,0.70,2.80
2008.05.27 19:19:17.854,2.0615,2.0619,0.70,3.20
2008.05.27 19:19:17.959,2.0615,2.0619,0.70,0.40
2008.05.27 19:19:18.488,2.0615,2.0619,3.30,0.40
2008.05.27 19:19:18.697,2.0616,2.0619,2.80,0.40
2008.05.27 19:19:18.784,2.0616,2.06195,2.80,0.40
2008.05.27 19:19:19.292,2.0616,2.06195,3.30,0.40
2008.05.27 19:19:22.075,2.0616,2.06195,2.80,0.40
2008.05.27 19:19:22.257,2.06155,2.06195,0.70,0.40
2008.05.27 19:19:22.614,2.0615,2.06195,3.30,0.40
2008.05.27 19:19:24.238,2.0616,2.06195,3.30,0.40
2008.05.27 19:19:25.087,2.0616,2.06195,2.80,0.40
2008.05.27 19:19:27.297,2.0615,2.06195,5.20,0.40
2008.05.27 19:19:27.532,2.0615,2.06195,6.20,0.40
2008.05.27 19:19:27.676,2.0615,2.06195,3.80,0.40
2008.05.27 19:19:27.706,2.06155,2.06195,0.70,0.40
2008.05.27 19:19:27.766,2.0616,2.06195,2.80,0.40
2008.05.27 19:19:28.896,2.0615,2.06195,3.80,0.40
2008.05.27 19:19:29.707,2.0615,2.06185,3.80,0.90
2008.05.27 19:19:29.793,2.06145,2.06185,0.70,0.90
2008.05.27 19:19:30.330,2.06145,2.06195,0.70,1.30
2008.05.27 19:19:31.206,2.0614,2.06195,3.80,1.30
2008.05.27 19:19:31.340,2.06135,2.0619,0.70,2.80
2008.05.27 19:19:32.426,2.06135,2.0619,0.70,3.20
2008.05.27 19:19:34.857,2.0613,2.0619,5.20,3.20
2008.05.27 19:19:35.145,2.0613,2.0619,2.40,5.10
2008.05.27 19:19:35.435,2.0612,2.0618,5.20,4.80
2008.05.27 19:19:35.622,2.06115,2.0617,0.70,2.80
2008.05.27 19:19:36.490,2.06115,2.0617,0.70,3.20
2008.05.27 19:19:36.721,2.0611,2.0617,5.20,3.20
2008.05.27 19:19:36.781,2.0611,2.0617,2.80,3.20
2008.05.27 19:19:38.455,2.0611,2.0617,3.80,3.20
2008.05.27 19:19:38.647,2.06115,2.0617,0.70,3.20
2008.05.27 19:19:38.838,2.0612,2.0617,2.80,0.40
2008.05.27 19:19:40.898,2.0612,2.06175,2.80,0.40
2008.05.27 19:19:43.839,2.0611,2.0617,3.80,2.80
2008.05.27 19:19:43.873,2.0611,2.0617,3.80,3.20
2008.05.27 19:19:46.708,2.06115,2.0617,0.70,3.20
2008.05.27 19:19:46.838,2.0612,2.0617,2.80,0.40
2008.05.27 19:19:47.524,2.0612,2.06175,2.80,0.40
2008.05.27 19:19:48.364,2.06125,2.06175,0.70,0.40
2008.05.27 19:19:48.634,2.0613,2.06175,0.90,0.40
2008.05.27 19:19:48.673,2.0613,2.06175,3.80,0.40
2008.05.27 19:19:49.277,2.0613,2.0618,3.80,0.40
2008.05.27 19:19:49.362,2.0612,2.0618,2.80,3.20
2008.05.27 19:19:50.032,2.06125,2.0618,0.70,0.40
2008.05.27 19:19:50.120,2.06125,2.06175,0.70,0.90
2008.05.27 19:19:50.308,2.0613,2.06175,0.90,0.90
2008.05.27 19:19:50.536,2.0613,2.06175,3.80,0.90
2008.05.27 19:20:05.283,2.0613,2.06175,0.90,0.90
2008.05.27 19:20:05.500,2.06125,2.06175,0.90,0.90
2008.05.27 19:20:06.444,2.0613,2.06175,0.90,0.90
2008.05.27 19:20:18.636,2.0612,2.06175,2.80,0.90
2008.05.27 19:20:18.839,2.06115,2.0617,0.90,2.80
2008.05.27 19:20:19.364,2.0611,2.0617,4.30,2.80
2008.05.27 19:20:19.943,2.0611,2.0617,5.20,2.80
2008.05.27 19:20:20.028,2.0612,2.06175,2.80,0.90
2008.05.27 19:20:20.306,2.0612,2.06175,4.30,0.90
2008.05.27 19:20:20.363,2.0613,2.06175,0.90,0.90
2008.05.27 19:20:20.990,2.0612,2.06175,2.80,0.90
2008.05.27 19:20:21.051,2.0612,2.0617,0.70,2.80
2008.05.27 19:20:21.112,2.0613,2.06175,0.90,0.90
2008.05.27 19:20:21.975,2.0613,2.0617,0.90,2.80
2008.05.27 19:20:22.180,2.0611,2.0617,4.30,2.80
2008.05.27 19:20:24.569,2.0611,2.0617,4.30,3.20
2008.05.27 19:20:24.754,2.0611,2.0616,0.90,2.80
2008.05.27 19:20:24.978,2.0611,2.06155,0.90,0.90
2008.05.27 19:20:27.273,2.0611,2.0615,0.90,2.80
2008.05.27 19:20:27.493,2.0609,2.0615,3.80,2.80
2008.05.27 19:20:27.693,2.0609,2.0614,0.90,2.80
2008.05.27 19:20:28.040,2.0609,2.06135,0.90,0.90
2008.05.27 19:20:31.392,2.0609,2.06135,1.40,0.90
2008.05.27 19:20:31.572,2.061,2.06135,0.90,0.90
2008.05.27 19:20:31.845,2.061,2.06155,5.20,0.90
2008.05.27 19:20:32.009,2.0611,2.06155,0.90,0.90
2008.05.27 19:20:41.539,2.0611,2.06155,2.80,0.90
2008.05.27 19:20:42.489,2.0611,2.06155,3.80,0.90
2008.05.27 19:20:46.636,2.06115,2.06155,0.70,0.90
2008.05.27 19:20:46.814,2.06115,2.0617,1.40,3.20
2008.05.27 19:20:46.953,2.06115,2.0617,0.90,3.20
2008.05.27 19:20:48.291,2.0611,2.0617,4.30,3.20
2008.05.27 19:20:48.532,2.0611,2.0617,3.30,3.20
2008.05.27 19:20:50.901,2.0611,2.0617,2.80,3.20
2008.05.27 19:20:51.044,2.06105,2.0616,2.40,2.80
2008.05.27 19:20:51.092,2.0611,2.0616,0.90,2.80
2008.05.27 19:20:51.508,2.0611,2.06155,0.90,0.90
2008.05.27 19:20:59.263,2.0611,2.0616,0.90,2.80
2008.05.27 19:21:02.604,2.0611,2.06145,0.90,0.90
2008.05.27 19:21:02.954,2.0611,2.06155,0.90,0.90
2008.05.27 19:21:11.705,2.06115,2.0616,0.90,2.80
2008.05.27 19:21:12.101,2.06115,2.0617,0.90,2.80
2008.05.27 19:21:12.268,2.0612,2.06175,4.30,1.30
2008.05.27 19:21:12.402,2.06125,2.06175,0.90,1.30
2008.05.27 19:21:12.537,2.0613,2.06175,0.90,0.90
2008.05.27 19:21:12.673,2.0613,2.06175,1.40,0.90
2008.05.27 19:21:12.809,2.0613,2.06175,4.30,0.90
2008.05.27 19:21:12.944,2.0613,2.06185,4.30,0.40
2008.05.27 19:21:13.177,2.0613,2.0619,5.20,3.20
2008.05.27 19:21:13.216,2.0614,2.0619,3.30,0.40
2008.05.27 19:21:13.573,2.0615,2.0619,0.90,0.40
2008.05.27 19:21:14.553,2.0615,2.06195,4.30,0.40
2008.05.27 19:21:15.181,2.0615,2.06195,3.80,0.40
2008.05.27 19:21:15.443,2.06145,2.06195,2.40,0.40
2008.05.27 19:21:15.817,2.0615,2.06195,2.80,0.40
2008.05.27 19:21:16.164,2.0614,2.06195,3.30,0.40
2008.05.27 19:21:18.431,2.0614,2.0619,0.70,2.80
2008.05.27 19:21:20.927,2.0613,2.0619,6.70,3.20
2008.05.27 19:21:23.679,2.0613,2.0619,4.30,3.20
2008.05.27 19:21:28.095,2.0613,2.06185,4.30,0.40
2008.05.27 19:21:28.710,2.0613,2.06185,3.80,0.40
2008.05.27 19:21:28.897,2.0613,2.0618,0.90,2.80
2008.05.27 19:21:28.986,2.0613,2.06175,0.90,0.90
2008.05.27 19:21:31.163,2.0613,2.0618,0.90,3.20
2008.05.27 19:21:32.032,2.0613,2.06175,0.90,0.40
2008.05.27 19:21:33.767,2.0613,2.0617,0.90,3.20
2008.05.27 19:21:33.879,2.0611,2.0617,4.30,3.20
2008.05.27 19:21:34.882,2.0612,2.0617,0.70,3.20
2008.05.27 19:21:35.029,2.0613,2.0617,0.90,0.40
2008.05.27 19:21:38.469,2.0613,2.06175,0.90,0.40
2008.05.27 19:21:39.706,2.0613,2.0618,0.90,3.20
2008.05.27 19:21:41.637,2.0612,2.0618,2.80,3.20
2008.05.27 19:21:42.102,2.0612,2.06175,2.80,0.40
2008.05.27 19:21:42.778,2.0612,2.06175,3.80,0.40
2008.05.27 19:21:43.586,2.0612,2.06165,3.80,0.90
2008.05.27 19:21:52.613,2.0612,2.06175,3.80,0.40
2008.05.27 19:21:57.042,2.0612,2.0617,3.80,0.40
2008.05.27 19:22:00.224,2.0612,2.0617,2.80,0.40
2008.05.27 19:22:01.317,2.0612,2.0617,3.80,0.40
2008.05.27 19:22:01.463,2.0611,2.06165,2.80,0.40
2008.05.27 19:22:03.365,2.0612,2.06165,2.80,0.40
2008.05.27 19:22:03.509,2.0612,2.06165,3.80,0.40
2008.05.27 19:22:06.284,2.0611,2.0616,2.80,0.40
2008.05.27 19:22:06.979,2.0612,2.0616,2.80,0.40
2008.05.27 19:22:07.128,2.0612,2.0616,3.80,0.40
2008.05.27 19:22:09.625,2.0612,2.0616,2.80,0.40
2008.05.27 19:22:10.652,2.0612,2.0616,3.80,0.40
2008.05.27 19:22:13.170,2.0612,2.06165,3.80,0.40
2008.05.27 19:22:17.208,2.0612,2.06165,2.80,0.40
2008.05.27 19:22:18.156,2.0612,2.06165,3.80,0.40
2008.05.27 19:22:19.308,2.0612,2.06165,0.90,0.40
2008.05.27 19:22:19.451,2.0611,2.06165,2.80,0.40
2008.05.27 19:22:20.106,2.0611,2.0616,2.80,0.40
2008.05.27 19:22:21.513,2.0611,2.0616,3.30,0.40
2008.05.27 19:22:22.612,2.0611,2.06165,3.30,0.40
2008.05.27 19:22:24.512,2.0611,2.06165,2.80,0.40
2008.05.27 19:22:24.651,2.0611,2.06165,3.80,0.40
2008.05.27 19:22:24.781,2.0611,2.06165,2.80,0.40
2008.05.27 19:22:30.482,2.061,2.0616,4.30,2.80
2008.05.27 19:22:30.575,2.061,2.0616,3.30,2.80
2008.05.27 19:22:30.619,2.061,2.0616,3.30,3.20
2008.05.27 19:22:30.978,2.061,2.06155,3.30,0.40
2008.05.27 19:22:33.862,2.06105,2.06155,0.70,0.40
2008.05.27 19:22:34.028,2.0611,2.06155,2.80,0.40
2008.05.27 19:22:34.076,2.0611,2.06155,3.30,0.40
2008.05.27 19:22:34.468,2.0611,2.0616,3.30,0.40
2008.05.27 19:22:37.966,2.0611,2.0616,2.80,0.40
2008.05.27 19:22:38.087,2.06105,2.0616,2.80,3.20
2008.05.27 19:22:38.324,2.06105,2.0616,0.70,3.20
2008.05.27 19:22:55.642,2.06105,2.0616,2.80,3.20
2008.05.27 19:22:55.671,2.06105,2.0616,2.80,2.80
2008.05.27 19:22:55.864,2.06105,2.0616,0.70,2.80
2008.05.27 19:22:55.922,2.06105,2.0615,0.70,2.80
2008.05.27 19:22:56.443,2.06105,2.0616,0.70,2.80
2008.05.27 19:22:57.004,2.06115,2.0616,0.70,2.80
2008.05.27 19:22:57.061,2.0612,2.0617,0.90,3.80
2008.05.27 19:22:57.219,2.0612,2.0617,0.90,2.80
2008.05.27 19:22:59.055,2.0612,2.0617,1.40,2.80
2008.05.27 19:22:59.263,2.0612,2.06175,4.30,0.40
2008.05.27 19:22:59.362,2.0612,2.06175,3.30,0.40
2008.05.27 19:23:00.444,2.0612,2.06175,4.30,0.40
2008.05.27 19:23:06.435,2.0612,2.0618,4.30,3.20
2008.05.27 19:23:19.517,2.0612,2.0618,3.80,5.10
2008.05.27 19:23:19.634,2.0612,2.0618,2.80,5.10
2008.05.27 19:23:19.908,2.0611,2.0617,3.30,2.80
2008.05.27 19:23:20.229,2.0611,2.0617,3.30,3.20
2008.05.27 19:23:39.177,2.0611,2.0617,2.80,3.20
2008.05.27 19:23:39.245,2.061,2.0616,4.30,2.80
2008.05.27 19:23:39.633,2.0611,2.0616,0.70,2.80
2008.05.27 19:23:39.965,2.0611,2.0617,3.30,3.20
2008.05.27 19:23:48.221,2.0611,2.0617,3.30,5.10
2008.05.27 19:23:48.454,2.0611,2.0616,0.70,2.80
2008.05.27 19:23:48.698,2.06105,2.0616,2.40,2.80
2008.05.27 19:23:48.901,2.061,2.0616,5.70,2.80
2008.05.27 19:23:49.133,2.0611,2.0616,0.70,2.80
2008.05.27 19:23:49.141,2.06105,2.0616,0.70,2.80
2008.05.27 19:23:52.177,2.0611,2.0616,0.70,2.80
2008.05.27 19:23:55.832,2.0611,2.0616,0.70,3.20
2008.05.27 19:23:56.869,2.06105,2.0616,0.70,3.20
2008.05.27 19:24:01.063,2.06105,2.06155,0.70,0.40
2008.05.27 19:24:01.324,2.0611,2.06155,0.70,0.40
2008.05.27 19:24:09.124,2.06105,2.06155,0.70,0.40
2008.05.27 19:24:09.673,2.0611,2.06155,0.70,0.40
2008.05.27 19:24:09.805,2.0611,2.06155,3.30,0.40
2008.05.27 19:24:09.955,2.0611,2.0616,3.30,0.40
2008.05.27 19:24:12.119,2.0611,2.0616,2.80,0.40
2008.05.27 19:24:12.318,2.06105,2.0616,2.80,3.20
2008.05.27 19:24:12.425,2.06105,2.0616,0.70,3.20
2008.05.27 19:24:12.641,2.061,2.0616,5.20,3.20
2008.05.27 19:24:12.945,2.06095,2.0615,1.40,2.80
2008.05.27 19:24:13.239,2.06105,2.0615,0.70,2.80
2008.05.27 19:24:13.303,2.06105,2.06155,0.70,0.40
2008.05.27 19:24:14.381,2.061,2.06155,2.80,0.40
2008.05.27 19:24:14.468,2.06095,2.0615,0.70,2.80
2008.05.27 19:24:15.002,2.06095,2.0615,0.70,3.20
2008.05.27 19:24:16.839,2.06095,2.0615,0.70,9.00
2008.05.27 19:24:17.017,2.06095,2.0614,0.70,2.80
2008.05.27 19:24:17.259,2.06085,2.0614,2.80,2.80
2008.05.27 19:24:17.351,2.06085,2.0614,0.70,2.80
2008.05.27 19:24:23.868,2.0609,2.0615,2.80,9.00
2008.05.27 19:24:24.189,2.06095,2.0615,0.70,7.60
2008.05.27 19:24:24.307,2.06095,2.0615,0.70,2.80
2008.05.27 19:24:24.733,2.06095,2.0615,1.40,2.80
2008.05.27 19:24:24.881,2.06095,2.0615,3.80,2.80
2008.05.27 19:24:25.246,2.06105,2.0615,0.70,2.80
2008.05.27 19:24:25.417,2.06105,2.0616,0.70,2.80
2008.05.27 19:24:26.477,2.0611,2.0617,2.80,5.10
2008.05.27 19:24:26.628,2.06115,2.0617,0.70,3.20
2008.05.27 19:24:27.019,2.06115,2.0617,1.40,3.20
2008.05.27 19:24:27.466,2.06115,2.06165,1.40,0.90
2008.05.27 19:24:27.717,2.06115,2.06165,0.90,0.90
2008.05.27 19:24:27.961,2.06115,2.0617,0.90,3.20
2008.05.27 19:24:28.725,2.06115,2.0617,1.40,3.20
2008.05.27 19:24:32.352,2.06115,2.0617,1.40,2.80
2008.05.27 19:24:34.037,2.06115,2.0617,1.40,3.20
2008.05.27 19:24:37.456,2.06125,2.0617,0.70,3.20
2008.05.27 19:24:37.613,2.06125,2.0617,0.70,0.40
2008.05.27 19:24:37.844,2.06125,2.0617,0.70,3.20
2008.05.27 19:24:38.098,2.06125,2.0617,0.70,0.40
2008.05.27 19:24:40.025,2.06125,2.06175,0.70,0.40
2008.05.27 19:24:41.919,2.0612,2.06175,2.80,0.40
2008.05.27 19:24:42.003,2.06115,2.0617,3.80,2.80
2008.05.27 19:24:42.341,2.06115,2.0617,1.40,3.20
2008.05.27 19:24:42.422,2.06115,2.06165,1.40,0.90
2008.05.27 19:24:43.862,2.06115,2.06165,0.90,0.90
2008.05.27 19:24:44.067,2.0611,2.0616,0.90,2.80
2008.05.27 19:24:44.162,2.06105,2.0616,0.70,2.80
2008.05.27 19:24:44.298,2.061,2.0616,2.80,5.70
2008.05.27 19:24:44.349,2.06095,2.0615,3.30,2.80
2008.05.27 19:24:44.543,2.06095,2.0615,0.90,2.80
2008.05.27 19:24:44.847,2.06095,2.06145,0.90,0.90
2008.05.27 19:24:45.153,2.06095,2.0614,0.90,2.80
2008.05.27 19:24:45.375,2.0609,2.0614,0.90,2.80
2008.05.27 19:24:45.945,2.0609,2.0614,0.90,3.20
2008.05.27 19:24:46.257,2.0609,2.06135,0.90,0.40
2008.05.27 19:24:46.719,2.0609,2.06135,1.40,0.40
2008.05.27 19:24:46.875,2.06095,2.06135,0.90,0.40
2008.05.27 19:24:47.032,2.06095,2.0614,0.90,0.40
2008.05.27 19:24:47.946,2.0609,2.06125,3.80,0.90
2008.05.27 19:24:48.114,2.06075,2.06125,0.90,0.90
2008.05.27 19:24:49.392,2.06085,2.0613,0.90,7.00
2008.05.27 19:24:49.446,2.06085,2.0613,0.90,3.20
2008.05.27 19:24:49.555,2.06085,2.0612,0.90,2.80
2008.05.27 19:24:49.872,2.06085,2.0613,0.90,3.20
2008.05.27 19:24:51.277,2.0608,2.06125,0.90,0.90
2008.05.27 19:24:51.356,2.06075,2.06125,0.90,0.90
2008.05.27 19:24:51.693,2.06075,2.06125,0.90,1.30
2008.05.27 19:24:51.873,2.06075,2.06125,1.40,1.30
2008.05.27 19:24:54.984,2.06075,2.06125,1.40,0.90
2008.05.27 19:24:55.184,2.0608,2.06125,0.70,0.90
2008.05.27 19:24:58.274,2.06075,2.06125,1.40,0.90
2008.05.27 19:25:01.174,2.06075,2.06125,0.90,0.90
2008.05.27 19:25:11.552,2.06075,2.06125,0.90,1.30
2008.05.27 19:25:12.070,2.06075,2.0611,0.90,2.80
2008.05.27 19:25:12.288,2.06065,2.0612,2.40,3.20
2008.05.27 19:25:12.410,2.0606,2.0612,3.30,3.20
2008.05.27 19:25:12.942,2.0606,2.06115,2.80,0.40
2008.05.27 19:25:13.054,2.06055,2.0611,3.30,2.80
2008.05.27 19:25:13.129,2.06055,2.06105,0.90,0.90
2008.05.27 19:25:15.947,2.06055,2.06105,0.90,1.30
2008.05.27 19:25:23.199,2.06055,2.061,0.90,2.80
2008.05.27 19:25:25.239,2.06055,2.061,1.40,2.80
2008.05.27 19:25:25.761,2.06055,2.061,0.90,2.80
2008.05.27 19:25:27.528,2.0605,2.0609,1.40,2.80
2008.05.27 19:25:27.636,2.0605,2.0609,0.70,2.80
2008.05.27 19:25:27.741,2.06045,2.0609,2.40,2.80
2008.05.27 19:25:27.865,2.06045,2.061,2.40,2.80
2008.05.27 19:25:27.908,2.0605,2.061,0.70,2.80
2008.05.27 19:25:27.948,2.06045,2.061,2.40,2.80
2008.05.27 19:25:28.066,2.06045,2.0609,2.40,2.80
2008.05.27 19:25:28.106,2.0604,2.0609,0.70,2.80
2008.05.27 19:25:28.491,2.0604,2.06085,0.70,0.90
2008.05.27 19:25:31.775,2.06045,2.06085,0.70,0.90
2008.05.27 19:25:32.385,2.0604,2.06085,0.70,0.90
2008.05.27 19:25:33.055,2.0606,2.06085,0.70,0.90
2008.05.27 19:25:33.146,2.0606,2.061,0.70,0.40
2008.05.27 19:25:36.924,2.06065,2.061,0.70,0.40
2008.05.27 19:25:37.612,2.06065,2.06105,0.70,0.40
2008.05.27 19:25:40.053,2.06065,2.06105,0.70,1.30
2008.05.27 19:25:41.581,2.06065,2.06105,0.70,0.40
2008.05.27 19:25:42.242,2.06065,2.06105,0.70,0.40
2008.05.27 19:25:43.209,2.06055,2.06105,3.80,0.40
2008.05.27 19:25:43.232,2.06055,2.061,3.80,1.60
2008.05.27 19:25:43.442,2.06055,2.061,2.80,1.50
2008.05.27 19:25:43.641,2.06055,2.061,0.70,1.80
2008.05.27 19:25:43.907,2.06055,2.0609,0.70,1.10
2008.05.27 19:25:44.238,2.06055,2.061,0.70,1.30
2008.05.27 19:25:45.975,2.06055,2.06095,0.70,0.90
2008.05.27 19:25:50.068,2.06055,2.061,0.70,1.00
2008.05.27 19:25:50.169,2.06055,2.06105,0.70,0.40
2008.05.27 19:25:50.341,2.0606,2.06105,0.70,0.40
2008.05.27 19:25:50.376,2.0606,2.061,0.70,0.90
2008.05.27 19:25:50.412,2.0606,2.0609,0.70,0.80
2008.05.27 19:25:50.777,2.06055,2.0609,0.70,1.70
2008.05.27 19:25:52.822,2.06045,2.0609,2.40,1.50
2008.05.27 19:25:53.114,2.0603,2.0609,3.30,1.40
2008.05.27 19:25:53.250,2.0603,2.0608,0.70,1.60
2008.05.27 19:25:53.337,2.06035,2.0608,0.70,0.60
2008.05.27 19:25:53.577,2.06035,2.0609,0.70,1.70
2008.05.27 19:25:53.988,2.0604,2.0609,0.70,1.80
2008.05.27 19:25:54.803,2.06045,2.0609,0.70,0.60
2008.05.27 19:25:55.748,2.06035,2.0609,2.80,0.70
2008.05.27 19:25:55.793,2.06035,2.0608,2.80,0.50
2008.05.27 19:25:55.837,2.06035,2.0608,0.70,0.80
2008.05.27 19:25:56.241,2.06035,2.06065,0.70,0.90
2008.05.27 19:26:00.731,2.06045,2.06065,0.70,0.90
2008.05.27 19:26:01.007,2.0605,2.06065,0.70,0.90
2008.05.27 19:26:01.270,2.0605,2.06065,0.70,0.90
2008.05.27 19:26:01.420,2.06055,2.06065,0.70,0.90
2008.05.27 19:26:02.145,2.06055,2.0608,0.70,0.60
2008.05.27 19:26:03.013,2.0606,2.0608,0.70,1.90
2008.05.27 19:26:03.483,2.0606,2.06085,0.70,0.90
2008.05.27 19:26:04.019,2.0606,2.06085,0.60,0.90
2008.05.27 19:26:04.118,2.0606,2.0609,1.60,1.90
2008.05.27 19:26:04.412,2.0606,2.0609,2.00,1.90
2008.05.27 19:26:04.463,2.0607,2.0609,0.70,1.90
2008.05.27 19:26:04.749,2.0606,2.0609,0.70,1.90
2008.05.27 19:26:09.799,2.0606,2.0609,1.20,1.90
2008.05.27 19:26:10.345,2.0606,2.06105,1.70,0.40
2008.05.27 19:26:10.892,2.0606,2.06105,1.20,0.40
2008.05.27 19:26:10.984,2.0606,2.06085,0.90,0.90
2008.05.27 19:26:11.106,2.0605,2.06085,1.20,0.90
2008.05.27 19:26:11.231,2.06045,2.06085,0.70,0.90
2008.05.27 19:26:13.525,2.06045,2.06085,0.70,0.90
2008.05.27 19:26:15.270,2.06045,2.06085,0.50,0.90
2008.05.27 19:26:15.532,2.0604,2.06085,1.50,0.90
2008.05.27 19:26:15.686,2.0604,2.0607,1.90,0.70
2008.05.27 19:26:15.818,2.06035,2.0607,1.80,0.70
2008.05.27 19:26:15.837,2.0603,2.06065,0.90,0.90
2008.05.27 19:26:15.999,2.0602,2.06065,1.80,0.90
2008.05.27 19:26:17.368,2.0602,2.0607,1.90,0.70
2008.05.27 19:26:19.199,2.0602,2.0607,2.10,0.70
2008.05.27 19:26:21.662,2.0604,2.0608,0.40,2.80
2008.05.27 19:26:21.850,2.0604,2.06085,0.40,0.90
2008.05.27 19:26:21.874,2.0604,2.0609,0.40,3.30
2008.05.27 19:26:21.932,2.0604,2.0609,1.20,0.70
2008.05.27 19:26:24.239,2.0604,2.0608,1.60,1.90
2008.05.27 19:26:24.582,2.0604,2.0608,0.80,1.90
2008.05.27 19:26:24.900,2.0604,2.0608,1.10,1.90
2008.05.27 19:26:25.226,2.0604,2.0608,0.90,1.90
2008.05.27 19:26:26.812,2.06035,2.0608,0.60,1.90
2008.05.27 19:26:27.136,2.06035,2.0609,0.60,0.70
2008.05.27 19:26:27.789,2.0604,2.0609,0.60,0.70
2008.05.27 19:26:30.055,2.0604,2.0608,0.60,1.90
2008.05.27 19:26:30.270,2.06045,2.0608,0.60,1.90
2008.05.27 19:26:30.366,2.0604,2.0608,0.90,1.90
2008.05.27 19:26:30.504,2.0604,2.0608,0.90,1.90
2008.05.27 19:26:30.511,2.0605,2.0608,0.60,1.90
2008.05.27 19:26:30.783,2.0605,2.0608,0.70,1.90
2008.05.27 19:26:33.554,2.0604,2.0608,1.40,1.90
2008.05.27 19:26:33.603,2.0604,2.0608,0.80,1.90
2008.05.27 19:26:33.761,2.0604,2.0608,0.70,1.90
2008.05.27 19:26:33.841,2.0605,2.0608,0.20,1.90
2008.05.27 19:26:33.968,2.0604,2.0607,2.20,0.70
2008.05.27 19:26:34.156,2.0604,2.0607,1.10,0.70
2008.05.27 19:26:34.239,2.06015,2.06065,0.60,1.40
2008.05.27 19:26:35.117,2.06015,2.06065,0.80,0.90
2008.05.27 19:26:35.439,2.06015,2.06065,0.70,0.90
2008.05.27 19:26:40.758,2.06015,2.0606,0.90,0.70
2008.05.27 19:26:40.914,2.06015,2.06065,0.50,0.90
2008.05.27 19:26:41.052,2.06015,2.0607,0.90,5.20
2008.05.27 19:26:41.190,2.06015,2.0607,1.00,3.30
2008.05.27 19:26:41.457,2.06025,2.0607,0.40,2.80
2008.05.27 19:26:41.710,2.06025,2.0608,0.40,5.20
2008.05.27 19:26:42.724,2.06025,2.06065,0.40,0.90
2008.05.27 19:26:43.013,2.0601,2.0605,1.00,0.70
2008.05.27 19:26:43.134,2.06,2.0605,1.80,0.70
2008.05.27 19:26:43.254,2.05995,2.0605,0.90,3.30
2008.05.27 19:26:43.821,2.06005,2.0605,0.70,2.80
2008.05.27 19:26:44.019,2.06005,2.0606,0.70,3.30
2008.05.27 19:26:46.849,2.06005,2.0606,0.70,5.20
2008.05.27 19:26:47.911,2.06,2.06055,1.80,0.70
2008.05.27 19:26:49.187,2.06005,2.0606,0.70,5.20
2008.05.27 19:26:50.219,2.05995,2.0605,1.80,3.30
2008.05.27 19:26:50.309,2.05995,2.0605,1.20,3.30
2008.05.27 19:26:50.465,2.05995,2.0605,0.80,3.30
2008.05.27 19:26:50.684,2.0601,2.0605,0.90,3.30
2008.05.27 19:26:50.813,2.0601,2.06045,0.90,0.90
2008.05.27 19:26:54.250,2.05995,2.06045,0.60,0.90
2008.05.27 19:26:54.962,2.05995,2.06045,2.80,1.40
2008.05.27 19:26:55.575,2.05995,2.06035,1.70,0.70
2008.05.27 19:26:55.595,2.05985,2.0603,0.90,2.80
2008.05.27 19:26:55.615,2.0598,2.0603,2.10,2.80
2008.05.27 19:26:55.689,2.0598,2.0603,0.70,2.80
2008.05.27 19:26:55.933,2.05985,2.0604,0.70,3.30
2008.05.27 19:26:56.098,2.05985,2.0604,0.80,3.30
2008.05.27 19:26:56.164,2.0599,2.0604,1.60,0.70
2008.05.27 19:26:56.667,2.0599,2.0604,1.20,3.30
2008.05.27 19:26:57.261,2.06,2.0604,0.90,2.80
2008.05.27 19:26:57.438,2.06,2.0605,1.80,0.70
2008.05.27 19:26:57.517,2.06,2.0604,1.10,2.80
2008.05.27 19:26:57.675,2.06,2.0604,0.90,3.30
2008.05.27 19:26:57.841,2.0599,2.0604,1.70,3.30
2008.05.27 19:26:58.237,2.05995,2.0604,0.90,3.30
2008.05.27 19:26:58.448,2.0599,2.0604,0.50,3.30
2008.05.27 19:26:58.867,2.05985,2.0604,0.50,3.30
2008.05.27 19:26:59.077,2.0599,2.0604,1.60,0.70
2008.05.27 19:26:59.380,2.05985,2.0604,1.00,3.30
2008.05.27 19:27:01.894,2.05995,2.0604,0.70,2.80
2008.05.27 19:27:02.028,2.05995,2.0605,0.70,4.30
2008.05.27 19:27:02.194,2.05995,2.0605,0.70,3.30
2008.05.27 19:27:02.464,2.06005,2.0605,0.70,2.80
2008.05.27 19:27:02.782,2.06005,2.06045,0.70,0.90
2008.05.27 19:27:03.734,2.0601,2.06045,0.90,0.90
2008.05.27 19:27:04.659,2.0602,2.06045,0.90,0.90
2008.05.27 19:27:07.193,2.06,2.06045,0.70,0.90
2008.05.27 19:27:07.212,2.06,2.06045,0.90,0.90
2008.05.27 19:27:07.233,2.06,2.06045,0.10,0.90
2008.05.27 19:27:07.933,2.05995,2.06045,2.90,1.40
2008.05.27 19:27:08.088,2.05995,2.06045,0.10,0.70
2008.05.27 19:27:08.259,2.06,2.0605,1.80,0.70
2008.05.27 19:27:08.416,2.06015,2.06055,0.10,0.90
2008.05.27 19:27:08.765,2.0602,2.06075,0.10,1.90
2008.05.27 19:27:08.915,2.06015,2.0607,0.10,0.70
2008.05.27 19:27:09.065,2.0602,2.0607,0.50,0.70
2008.05.27 19:27:11.268,2.0602,2.0606,1.70,1.90
2008.05.27 19:27:11.499,2.06015,2.0606,0.10,1.90
2008.05.27 19:27:13.424,2.0601,2.0606,1.00,2.40
2008.05.27 19:27:13.834,2.06015,2.0606,0.10,1.90
2008.05.27 19:27:14.262,2.0601,2.0605,1.60,0.70
2008.05.27 19:27:14.372,2.06,2.0605,0.50,0.70
2008.05.27 19:27:16.319,2.06,2.0605,1.70,0.70
2008.05.27 19:27:16.784,2.06,2.06045,1.20,0.90
2008.05.27 19:27:23.089,2.06,2.06045,0.90,0.90
2008.05.27 19:27:23.457,2.05995,2.0605,0.90,0.70
2008.05.27 19:27:23.906,2.05995,2.0605,0.80,0.70
2008.05.27 19:27:24.720,2.05995,2.0605,0.50,0.70
2008.05.27 19:27:24.841,2.06,2.0605,2.20,0.70
2008.05.27 19:27:25.016,2.0599,2.0605,2.40,0.70
2008.05.27 19:27:25.160,2.0599,2.0605,1.30,3.30
2008.05.27 19:27:25.275,2.0599,2.0605,2.80,3.30
2008.05.27 19:27:25.326,2.0599,2.0605,1.00,0.70
2008.05.27 19:27:25.591,2.0599,2.06035,0.90,0.90
2008.05.27 19:27:25.656,2.0598,2.06035,0.90,0.90
2008.05.27 19:27:26.020,2.0598,2.0603,0.90,0.70
2008.05.27 19:27:26.741,2.0598,2.06025,0.90,0.90
2008.05.27 19:27:26.986,2.0596,2.06025,0.50,0.90
2008.05.27 19:27:27.230,2.0597,2.06025,0.90,0.90
2008.05.27 19:27:27.498,2.0598,2.06045,1.90,1.90
2008.05.27 19:27:27.634,2.0599,2.0602,1.10,0.70
2008.05.27 19:27:27.771,2.0598,2.0602,1.40,0.70
2008.05.27 19:27:27.907,2.0598,2.0603,1.00,0.70
2008.05.27 19:27:28.042,2.0598,2.06025,1.70,0.70
2008.05.27 19:27:28.177,2.05975,2.0602,0.20,2.80
2008.05.27 19:27:28.757,2.0597,2.06025,1.40,0.70
2008.05.27 19:27:31.998,2.0597,2.0603,0.80,3.30
2008.05.27 19:27:32.518,2.0597,2.06025,1.00,0.70
2008.05.27 19:27:37.614,2.0597,2.0603,0.80,2.80
2008.05.27 19:27:37.659,2.0597,2.0603,1.10,2.80
2008.05.27 19:27:37.713,2.0598,2.06035,1.40,2.40
2008.05.27 19:27:37.921,2.0598,2.0604,1.80,3.80
2008.05.27 19:27:38.029,2.0598,2.0604,1.20,3.20
2008.05.27 19:27:38.084,2.0599,2.0604,1.10,0.40
2008.05.27 19:27:38.274,2.0599,2.06045,1.80,1.30
2008.05.27 19:27:38.643,2.0599,2.06045,0.90,1.40
2008.05.27 19:27:39.479,2.06,2.06045,0.80,0.90
2008.05.27 19:27:39.520,2.06,2.06045,1.40,0.90
2008.05.27 19:27:40.133,2.06,2.06035,1.40,0.90
2008.05.27 19:27:41.878,2.06,2.06045,2.60,0.90
2008.05.27 19:27:43.596,2.06,2.06045,0.80,0.90
2008.05.27 19:27:44.022,2.06,2.06045,0.90,1.40
2008.05.27 19:27:44.144,2.06,2.06045,1.10,0.90
2008.05.27 19:27:44.345,2.0601,2.06045,0.80,0.90
2008.05.27 19:27:44.370,2.06,2.0605,1.20,2.20
2008.05.27 19:27:47.580,2.06,2.0605,1.20,2.20
2008.05.27 19:27:47.858,2.06,2.0605,1.70,2.20
2008.05.27 19:27:48.001,2.0601,2.0605,0.70,2.20
2008.05.27 19:27:49.109,2.06,2.0605,1.00,2.20
2008.05.27 19:27:49.244,2.06,2.0605,0.70,2.20
2008.05.27 19:27:54.417,2.06,2.0605,2.80,1.90
2008.05.27 19:27:54.908,2.06,2.06055,2.80,0.70
2008.05.27 19:27:56.683,2.06,2.0606,2.80,3.20
2008.05.27 19:27:56.804,2.0601,2.0606,2.80,0.40
2008.05.27 19:28:01.850,2.0601,2.06065,2.80,1.90
2008.05.27 19:28:03.978,2.0601,2.06055,2.80,0.90
2008.05.27 19:28:05.541,2.0601,2.06065,2.80,1.90
2008.05.27 19:28:07.881,2.0601,2.06065,2.80,1.30
2008.05.27 19:28:08.086,2.0601,2.06065,2.80,1.90
2008.05.27 19:28:10.222,2.0601,2.06055,2.80,0.90
2008.05.27 19:28:10.678,2.0601,2.06055,5.70,0.90
2008.05.27 19:28:10.744,2.0601,2.06065,5.70,0.40
2008.05.27 19:28:10.809,2.0601,2.0607,6.70,3.20
2008.05.27 19:28:11.020,2.0601,2.0607,6.70,1.20
2008.05.27 19:28:11.035,2.0602,2.06075,2.80,0.50
2008.05.27 19:28:11.265,2.0602,2.06075,2.80,0.70
2008.05.27 19:28:11.953,2.0602,2.0607,2.80,0.70
2008.05.27 19:28:12.226,2.0602,2.0608,2.80,1.20
2008.05.27 19:28:12.478,2.0602,2.0607,2.80,0.70
2008.05.27 19:28:14.137,2.0602,2.0608,2.80,0.80
2008.05.27 19:28:14.289,2.0602,2.0608,5.70,1.60
2008.05.27 19:28:14.344,2.0602,2.0608,6.70,1.60
2008.05.27 19:28:14.451,2.0603,2.0608,2.80,0.70
2008.05.27 19:28:25.457,2.0603,2.06075,2.80,0.90
2008.05.27 19:28:26.136,2.0603,2.06055,2.80,0.90
2008.05.27 19:28:26.407,2.0602,2.06055,2.80,0.90
2008.05.27 19:28:27.794,2.0601,2.06055,2.80,0.90
2008.05.27 19:28:29.932,2.0601,2.0606,2.80,0.70
2008.05.27 19:28:38.404,2.0601,2.06065,2.80,0.90
2008.05.27 19:28:38.426,2.0603,2.06065,2.80,0.90
2008.05.27 19:28:38.739,2.0603,2.0607,2.80,0.40
2008.05.27 19:28:38.942,2.0603,2.0607,2.80,0.70
2008.05.27 19:28:38.966,2.0602,2.0607,3.80,0.70
2008.05.27 19:28:39.087,2.0602,2.06065,3.80,0.90
2008.05.27 19:28:39.098,2.0602,2.06065,2.80,0.90
2008.05.27 19:28:40.029,2.0604,2.06075,2.80,0.40
2008.05.27 19:28:40.221,2.0602,2.0608,4.80,3.80
2008.05.27 19:28:40.426,2.0603,2.0608,2.80,0.90
2008.05.27 19:28:40.615,2.0603,2.0608,2.80,0.70
2008.05.27 19:29:04.226,2.0603,2.0609,2.80,3.30
2008.05.27 19:29:04.460,2.0604,2.0609,2.80,0.70
2008.05.27 19:29:04.622,2.0604,2.061,2.80,3.30
2008.05.27 19:29:04.814,2.0605,2.061,2.80,0.70
2008.05.27 19:29:05.350,2.0605,2.0609,2.80,0.70
2008.05.27 19:29:05.512,2.0604,2.0609,2.80,0.70
2008.05.27 19:29:06.951,2.0604,2.06085,2.80,0.70
2008.05.27 19:29:07.737,2.0603,2.06085,2.80,0.70
2008.05.27 19:29:08.455,2.0603,2.06085,2.80,1.40
2008.05.27 19:29:09.274,2.0603,2.06085,2.80,0.90
2008.05.27 19:29:09.337,2.0604,2.06085,2.80,0.90
2008.05.27 19:29:12.216,2.0604,2.06085,2.80,1.40
2008.05.27 19:29:13.731,2.0604,2.0607,2.80,0.70
2008.05.27 19:29:13.776,2.0602,2.0607,5.70,0.70
2008.05.27 19:29:13.865,2.0602,2.0607,2.80,0.70
2008.05.27 19:29:14.363,2.0603,2.0608,2.80,2.80
2008.05.27 19:29:14.539,2.0604,2.0609,2.80,0.70
2008.05.27 19:29:14.608,2.0604,2.0608,2.80,0.70
2008.05.27 19:29:14.867,2.0603,2.0608,2.80,0.70
2008.05.27 19:29:18.687,2.0603,2.0607,2.80,0.70
2008.05.27 19:29:18.835,2.0602,2.0607,5.70,0.70
2008.05.27 19:29:18.960,2.0602,2.0607,2.80,0.70
2008.05.27 19:29:20.774,2.0602,2.06065,2.80,0.70
2008.05.27 19:29:21.008,2.0601,2.06065,6.70,0.70
2008.05.27 19:29:21.838,2.0601,2.06065,3.80,0.70
2008.05.27 19:29:21.903,2.0601,2.06065,2.80,0.70
2008.05.27 19:29:23.277,2.0601,2.0607,2.80,5.20
2008.05.27 19:29:23.422,2.0602,2.0607,2.80,2.40
2008.05.27 19:29:27.063,2.0602,2.0607,2.80,0.70
2008.05.27 19:29:30.278,2.0602,2.06065,2.80,0.70
2008.05.27 19:29:30.814,2.0601,2.06065,2.80,0.70
2008.05.27 19:29:35.673,2.0601,2.0607,2.80,4.80
2008.05.27 19:29:35.808,2.0603,2.06075,2.80,0.70
2008.05.27 19:29:36.396,2.0603,2.06065,2.80,0.70
2008.05.27 19:29:36.510,2.0601,2.06065,4.80,0.70
2008.05.27 19:29:36.711,2.0601,2.06055,2.80,0.70
2008.05.27 19:29:36.997,2.06,2.06055,5.70,0.70
2008.05.27 19:29:41.518,2.06,2.06055,2.80,0.70
2008.05.27 19:29:58.579,2.06,2.06055,3.80,0.70
2008.05.27 19:29:58.637,2.06,2.06055,4.80,0.70
2008.05.27 19:29:58.751,2.0601,2.06055,0.90,0.70
2008.05.27 19:29:58.933,2.0601,2.06055,1.90,0.70
2008.05.27 19:29:59.103,2.0601,2.0606,1.90,2.80
2008.05.27 19:29:59.306,2.0601,2.0606,3.80,2.80
2008.05.27 19:29:59.520,2.0603,2.06075,2.80,0.70
2008.05.27 19:30:04.677,2.0603,2.06065,2.80,0.70
2008.05.27 19:30:04.866,2.0601,2.06065,4.80,0.70
2008.05.27 19:30:04.993,2.0601,2.06065,2.80,0.70
2008.05.27 19:30:11.493,2.0601,2.0606,2.80,0.90
2008.05.27 19:30:12.500,2.0601,2.0605,2.80,1.90
2008.05.27 19:30:14.044,2.0601,2.0605,3.80,1.90
2008.05.27 19:30:14.070,2.06015,2.0605,0.90,1.90
2008.05.27 19:30:14.235,2.0602,2.0606,2.80,2.80
2008.05.27 19:30:14.408,2.0603,2.0606,2.80,2.80
2008.05.27 19:30:15.133,2.0603,2.06075,2.80,0.70
2008.05.27 19:30:15.189,2.0603,2.06085,2.80,0.70
2008.05.27 19:30:19.514,2.0603,2.06075,2.80,0.70
2008.05.27 19:30:20.264,2.0603,2.06085,2.80,0.70
2008.05.27 19:30:23.353,2.0603,2.0608,2.80,0.70
2008.05.27 19:30:23.831,2.0604,2.06075,2.80,0.70
2008.05.27 19:30:23.916,2.0603,2.06075,2.80,0.70
2008.05.27 19:30:24.518,2.0603,2.0609,2.80,3.80
2008.05.27 19:30:24.626,2.0605,2.0609,2.80,0.70
2008.05.27 19:30:24.932,2.0605,2.06095,2.80,1.40
2008.05.27 19:30:26.923,2.0605,2.06095,2.80,0.90
2008.05.27 19:30:27.013,2.0606,2.06095,2.80,0.90
2008.05.27 19:30:28.664,2.0606,2.06095,2.80,1.40
2008.05.27 19:30:28.811,2.0605,2.06095,2.80,1.40
2008.05.27 19:30:30.429,2.0605,2.06095,2.80,0.90
2008.05.27 19:30:30.558,2.0606,2.06095,2.80,0.90
2008.05.27 19:30:30.985,2.0606,2.0611,2.80,0.70
2008.05.27 19:30:33.815,2.0606,2.06115,2.80,1.90
2008.05.27 19:30:34.924,2.0606,2.06115,2.80,1.40
2008.05.27 19:30:35.805,2.0606,2.06105,2.80,0.70
2008.05.27 19:30:36.107,2.0606,2.06095,2.80,0.90
2008.05.27 19:30:42.201,2.0609,2.06105,2.80,0.90
2008.05.27 19:30:42.555,2.0609,2.06125,2.80,0.90
2008.05.27 19:30:42.960,2.0609,2.06145,2.80,0.40
2008.05.27 19:30:45.362,2.0609,2.06145,2.80,0.90
2008.05.27 19:30:46.036,2.0609,2.06145,2.80,1.90
2008.05.27 19:30:46.172,2.0609,2.06145,2.80,1.30
2008.05.27 19:30:47.833,2.0609,2.06145,2.80,0.40
2008.05.27 19:30:48.044,2.0609,2.06145,4.80,0.40
2008.05.27 19:30:49.050,2.0609,2.06145,4.80,1.30
2008.05.27 19:30:49.135,2.0609,2.06145,4.80,0.90
2008.05.27 19:30:50.416,2.0609,2.0615,4.80,0.40
2008.05.27 19:30:50.690,2.0609,2.0615,4.80,2.20
2008.05.27 19:30:51.134,2.0609,2.0615,4.80,1.90
2008.05.27 19:30:51.472,2.061,2.06155,4.80,0.40
2008.05.27 19:30:51.722,2.061,2.06155,2.80,0.40
2008.05.27 19:30:52.143,2.061,2.06155,4.80,0.40
2008.05.27 19:30:52.447,2.0611,2.06155,2.80,0.40
2008.05.27 19:30:52.862,2.0611,2.0616,4.80,0.40
2008.05.27 19:30:53.168,2.0612,2.0616,2.80,0.40
2008.05.27 19:30:53.610,2.0611,2.06165,2.80,0.40
2008.05.27 19:30:54.121,2.0611,2.0616,2.80,0.40
2008.05.27 19:30:54.536,2.0611,2.06155,2.80,0.90
2008.05.27 19:30:55.521,2.0611,2.0616,2.80,0.40
2008.05.27 19:30:55.668,2.061,2.0615,1.90,2.80
2008.05.27 19:30:57.241,2.0611,2.0615,2.80,1.90
2008.05.27 19:30:57.459,2.0609,2.0615,2.80,5.70
2008.05.27 19:30:57.974,2.0608,2.06135,4.80,0.70
2008.05.27 19:30:58.070,2.0608,2.06135,2.80,1.40
2008.05.27 19:30:58.354,2.0607,2.0613,2.80,2.80
2008.05.27 19:30:59.303,2.0607,2.0613,2.80,3.80
2008.05.27 19:30:59.413,2.0607,2.0612,2.80,1.90
2008.05.27 19:31:01.000,2.0608,2.0613,2.80,2.80
2008.05.27 19:31:01.740,2.06085,2.0613,0.20,2.80
2008.05.27 19:31:02.509,2.0608,2.0613,2.80,2.80
2008.05.27 19:31:03.339,2.0607,2.0613,9.60,5.70
2008.05.27 19:31:03.532,2.0608,2.0612,2.80,1.90
2008.05.27 19:31:03.673,2.0607,2.0612,4.80,1.90
2008.05.27 19:31:04.009,2.0607,2.0612,7.60,1.90
2008.05.27 19:31:04.319,2.0608,2.0613,2.80,2.80
2008.05.27 19:31:11.162,2.0608,2.0612,2.80,1.90
2008.05.27 19:31:11.211,2.0607,2.0612,2.80,1.90
2008.05.27 19:31:11.308,2.0608,2.0612,2.80,1.90
2008.05.27 19:31:11.694,2.0607,2.0612,2.80,1.90
2008.05.27 19:31:12.469,2.0608,2.0612,2.80,1.90
2008.05.27 19:31:14.948,2.0606,2.0612,4.80,2.80
2008.05.27 19:31:16.430,2.0606,2.0612,6.70,2.80
2008.05.27 19:31:16.610,2.0608,2.0614,2.80,3.20
2008.05.27 19:31:16.771,2.0607,2.0613,2.80,2.80
2008.05.27 19:31:17.228,2.0607,2.06125,2.80,0.70
2008.05.27 19:31:17.286,2.0606,2.0612,4.80,2.80
2008.05.27 19:31:17.783,2.0607,2.06125,2.80,0.70
2008.05.27 19:31:18.191,2.0606,2.0612,2.80,4.80
2008.05.27 19:31:18.501,2.0606,2.06115,2.80,0.70
2008.05.27 19:31:19.618,2.0606,2.06115,2.80,1.40
2008.05.27 19:31:20.633,2.0606,2.06115,2.80,0.90
2008.05.27 19:31:21.162,2.0606,2.0612,2.80,2.80
2008.05.27 19:31:24.075,2.0606,2.0611,2.80,2.80
2008.05.27 19:31:24.243,2.0606,2.061,2.80,1.90
2008.05.27 19:31:24.517,2.0606,2.0609,2.80,1.90
2008.05.27 19:31:24.599,2.0604,2.0609,4.80,2.80
2008.05.27 19:31:25.146,2.0604,2.0609,5.70,2.80
2008.05.27 19:31:25.297,2.0606,2.0609,2.80,2.80
2008.05.27 19:31:25.393,2.0606,2.0609,2.80,0.90
2008.05.27 19:31:25.593,2.0606,2.061,2.80,1.90
2008.05.27 19:31:25.782,2.0606,2.0611,2.80,2.80
2008.05.27 19:31:29.057,2.06065,2.0611,0.20,2.80
2008.05.27 19:31:37.090,2.0606,2.06095,2.80,0.90
2008.05.27 19:31:40.316,2.0606,2.0611,2.80,2.80
2008.05.27 19:31:43.473,2.0606,2.061,2.80,1.90
2008.05.27 19:31:44.243,2.0606,2.0611,4.80,0.90
2008.05.27 19:31:44.485,2.0606,2.0612,4.80,4.80
2008.05.27 19:31:45.001,2.0606,2.06115,4.80,0.70
2008.05.27 19:31:45.133,2.0606,2.061,2.80,1.90
2008.05.27 19:31:45.797,2.0605,2.061,2.80,1.90
2008.05.27 19:31:46.056,2.0605,2.06105,2.80,0.70
2008.05.27 19:31:48.542,2.0606,2.06105,2.80,0.70
2008.05.27 19:31:51.560,2.0606,2.0609,2.80,0.70
2008.05.27 19:31:51.600,2.0605,2.0609,2.80,0.70
2008.05.27 19:31:51.828,2.0604,2.0609,2.80,0.70
2008.05.27 19:31:52.054,2.0604,2.06085,2.80,0.70
2008.05.27 19:31:52.553,2.0604,2.0608,2.80,0.70
2008.05.27 19:31:52.910,2.0604,2.0609,2.80,0.70
2008.05.27 19:31:53.039,2.0604,2.06085,2.80,0.70
2008.05.27 19:32:00.501,2.0603,2.06065,2.80,0.70
2008.05.27 19:32:02.010,2.06025,2.06065,3.60,0.70
2008.05.27 19:32:03.233,2.0603,2.06075,2.80,0.70
2008.05.27 19:32:03.612,2.0606,2.0609,0.90,5.20
2008.05.27 19:32:03.886,2.0606,2.0611,4.80,3.80
2008.05.27 19:32:04.015,2.0606,2.06095,4.80,0.70
2008.05.27 19:32:04.242,2.0606,2.06095,3.80,0.70
2008.05.27 19:32:04.311,2.0606,2.06095,0.90,1.40
2008.05.27 19:32:04.377,2.0605,2.06095,2.80,1.40
2008.05.27 19:32:04.620,2.0606,2.06095,1.90,0.90
2008.05.27 19:32:04.732,2.0606,2.06095,0.90,0.90
2008.05.27 19:32:04.841,2.0606,2.06095,3.80,1.40
2008.05.27 19:32:04.952,2.0606,2.06095,2.80,1.40
2008.05.27 19:32:05.679,2.0606,2.06095,2.80,0.90
2008.05.27 19:32:06.144,2.0606,2.06105,2.80,0.70
2008.05.27 19:32:06.986,2.0606,2.06085,2.80,0.70
2008.05.27 19:32:07.196,2.0605,2.06085,2.80,0.70
2008.05.27 19:32:07.304,2.0604,2.06085,2.80,0.70
2008.05.27 19:32:07.459,2.0604,2.06085,4.80,0.70
2008.05.27 19:32:07.515,2.0605,2.0609,2.80,0.70
2008.05.27 19:32:08.279,2.0605,2.06095,4.80,0.90
2008.05.27 19:32:08.484,2.0606,2.06095,2.80,0.90
2008.05.27 19:32:12.457,2.0606,2.061,2.80,2.40
2008.05.27 19:32:12.960,2.0606,2.06095,2.80,0.90
2008.05.27 19:32:13.575,2.0606,2.061,2.80,0.70
2008.05.27 19:32:14.067,2.0606,2.06095,2.80,0.90
2008.05.27 19:32:15.066,2.0606,2.061,2.80,0.70
2008.05.27 19:32:15.472,2.0606,2.06095,2.80,0.90
2008.05.27 19:32:18.115,2.0606,2.061,2.80,0.70
2008.05.27 19:32:19.561,2.0606,2.06105,2.80,1.40
2008.05.27 19:32:20.088,2.0606,2.061,2.80,0.70
2008.05.27 19:32:21.064,2.0606,2.06095,2.80,0.90
2008.05.27 19:32:21.149,2.0605,2.06095,2.80,0.90
2008.05.27 19:32:25.024,2.0605,2.061,2.80,0.90
2008.05.27 19:32:25.180,2.0605,2.061,4.80,0.90
2008.05.27 19:32:25.892,2.0605,2.061,4.80,2.80
2008.05.27 19:32:26.401,2.0607,2.061,1.90,2.80
2008.05.27 19:32:26.662,2.0607,2.061,2.80,2.80
2008.05.27 19:32:26.924,2.0607,2.0611,4.80,0.90
2008.05.27 19:32:27.190,2.0607,2.0612,4.80,0.40
2008.05.27 19:32:27.350,2.0608,2.0613,1.90,3.20
2008.05.27 19:32:27.629,2.0609,2.06135,2.80,0.40
2008.05.27 19:32:27.814,2.0609,2.0614,4.80,0.40
2008.05.27 19:32:28.391,2.0609,2.0614,2.80,0.40
2008.05.27 19:32:29.676,2.0609,2.0614,4.80,0.40
2008.05.27 19:32:30.161,2.0609,2.06135,4.80,0.70
2008.05.27 19:32:30.362,2.0609,2.06135,2.80,0.70
2008.05.27 19:32:30.412,2.0608,2.06135,4.80,0.90
2008.05.27 19:32:30.650,2.0608,2.06135,4.80,0.40
2008.05.27 19:32:32.286,2.0608,2.06135,2.80,0.40
2008.05.27 19:32:32.805,2.0609,2.06135,2.80,0.40
2008.05.27 19:32:37.098,2.0609,2.0614,2.80,2.80
2008.05.27 19:32:37.443,2.0609,2.06135,2.80,0.90
2008.05.27 19:32:38.558,2.0609,2.0614,2.80,2.80
2008.05.27 19:32:39.982,2.0608,2.0614,2.80,5.70
2008.05.27 19:32:40.296,2.0609,2.0614,2.80,2.80
2008.05.27 19:32:40.362,2.0609,2.06135,2.80,0.40
2008.05.27 19:32:41.897,2.0609,2.0613,2.80,0.70
2008.05.27 19:32:42.088,2.0609,2.0613,2.80,2.40
2008.05.27 19:32:42.114,2.0608,2.0613,2.80,2.40
2008.05.27 19:32:42.237,2.0608,2.0613,2.80,3.30
2008.05.27 19:32:42.252,2.0607,2.06125,4.80,0.90
2008.05.27 19:32:42.622,2.0608,2.06125,2.80,0.90
2008.05.27 19:32:43.360,2.06075,2.0613,0.90,3.30
2008.05.27 19:32:43.759,2.0609,2.06135,2.80,0.40
2008.05.27 19:32:44.860,2.0609,2.0614,2.80,0.90
2008.05.27 19:32:44.920,2.0609,2.0614,2.80,0.40
2008.05.27 19:32:45.034,2.0609,2.0614,3.80,0.40
2008.05.27 19:32:45.093,2.06095,2.0614,0.90,0.40
2008.05.27 19:32:45.776,2.06095,2.06135,0.90,0.90
2008.05.27 19:32:48.452,2.061,2.06135,2.80,0.90
2008.05.27 19:32:48.742,2.061,2.0615,2.80,0.40
2008.05.27 19:32:49.145,2.061,2.0615,3.80,0.40
2008.05.27 19:32:49.235,2.0611,2.0615,0.90,0.40
2008.05.27 19:32:49.291,2.0612,2.0616,2.80,0.40
2008.05.27 19:32:49.456,2.0612,2.0616,2.80,3.20
2008.05.27 19:32:49.618,2.0612,2.0616,2.80,2.80
2008.05.27 19:32:49.809,2.0612,2.0616,3.80,2.80
2008.05.27 19:32:49.863,2.0613,2.0616,2.80,2.80
2008.05.27 19:32:50.283,2.0613,2.0616,2.80,1.90
2008.05.27 19:32:50.338,2.0613,2.06165,2.80,0.40
2008.05.27 19:32:50.516,2.0612,2.06165,4.80,0.40
2008.05.27 19:32:50.619,2.0612,2.06165,4.80,1.30
2008.05.27 19:32:50.819,2.0612,2.06165,4.80,0.90
2008.05.27 19:32:51.027,2.0612,2.0617,4.80,3.20
2008.05.27 19:32:51.132,2.0612,2.0617,4.80,1.30
2008.05.27 19:32:51.377,2.0612,2.0617,4.80,0.40
2008.05.27 19:32:51.837,2.0612,2.06165,4.80,0.40
2008.05.27 19:32:52.017,2.0612,2.06165,2.80,0.40
2008.05.27 19:32:52.377,2.0612,2.06165,2.80,1.30
2008.05.27 19:32:54.706,2.0612,2.0616,2.80,0.70
2008.05.27 19:32:54.799,2.0611,2.0616,2.80,0.70
2008.05.27 19:32:58.394,2.0611,2.06165,2.80,1.30
2008.05.27 19:32:58.780,2.06105,2.0616,0.90,2.80
2008.05.27 19:33:00.867,2.06105,2.0616,0.90,3.80
2008.05.27 19:33:01.022,2.06105,2.0616,0.90,5.70
2008.05.27 19:33:01.371,2.06105,2.0614,0.90,0.90
2008.05.27 19:33:03.392,2.0611,2.0614,0.90,0.90
2008.05.27 19:33:03.408,2.0611,2.0614,1.90,0.90
2008.05.27 19:33:03.718,2.0611,2.0616,1.90,5.70
2008.05.27 19:33:04.614,2.0612,2.0616,5.70,0.90
2008.05.27 19:33:04.776,2.06125,2.0616,0.90,0.90
2008.05.27 19:33:04.937,2.0612,2.06165,7.60,0.90
2008.05.27 19:33:05.096,2.0612,2.06185,9.60,0.90
2008.05.27 19:33:05.513,2.0612,2.06165,9.60,0.90
2008.05.27 19:33:05.644,2.06125,2.06165,0.90,0.90
2008.05.27 19:33:06.976,2.06125,2.06185,0.90,0.70
2008.05.27 19:33:07.196,2.0612,2.06185,4.80,0.70
2008.05.27 19:33:07.618,2.0612,2.06185,4.80,1.40
2008.05.27 19:33:07.884,2.0612,2.06185,7.60,1.40
2008.05.27 19:33:08.005,2.0612,2.06185,7.60,0.70
2008.05.27 19:33:08.045,2.0612,2.06185,4.80,0.70
2008.05.27 19:33:08.750,2.0612,2.06155,4.80,0.70
2008.05.27 19:33:09.067,2.0611,2.06155,2.80,0.70
2008.05.27 19:33:09.394,2.061,2.06155,4.80,0.70
2008.05.27 19:33:09.756,2.061,2.0614,1.90,2.80
2008.05.27 19:33:09.821,2.061,2.06135,0.90,0.70
2008.05.27 19:33:09.949,2.0608,2.06135,4.80,0.70
2008.05.27 19:33:10.239,2.0608,2.06135,4.80,1.40
2008.05.27 19:33:11.987,2.0609,2.06135,2.80,1.40
2008.05.27 19:33:12.183,2.0609,2.06135,2.80,0.90
2008.05.27 19:33:12.364,2.0609,2.06145,2.80,0.70
2008.05.27 19:33:17.161,2.0609,2.0615,2.80,3.30
2008.05.27 19:33:17.241,2.0609,2.06145,2.80,0.90
2008.05.27 19:33:17.460,2.061,2.06145,2.80,0.90
2008.05.27 19:33:18.005,2.061,2.0615,2.80,0.70
2008.05.27 19:33:18.174,2.061,2.06155,2.80,0.90
2008.05.27 19:33:18.483,2.061,2.06155,2.80,0.70
2008.05.27 19:33:18.708,2.061,2.0616,2.80,5.10
2008.05.27 19:33:18.933,2.061,2.0616,4.80,4.80
2008.05.27 19:33:19.706,2.0612,2.06165,2.80,0.90
2008.05.27 19:33:19.837,2.0612,2.06165,4.80,0.90
2008.05.27 19:33:23.005,2.0612,2.0617,4.80,2.80
2008.05.27 19:33:26.359,2.0612,2.0618,4.80,6.10
2008.05.27 19:33:27.284,2.0612,2.0618,4.80,5.10
2008.05.27 19:33:27.516,2.0612,2.0618,4.80,3.20
2008.05.27 19:33:28.014,2.0612,2.06165,4.80,0.90
2008.05.27 19:33:31.305,2.0612,2.06165,1.90,0.90
2008.05.27 19:33:31.429,2.0611,2.06165,2.80,0.90
2008.05.27 19:33:31.569,2.0611,2.06165,4.80,0.90
2008.05.27 19:33:31.792,2.0611,2.0617,4.80,2.80
2008.05.27 19:33:32.600,2.0611,2.0616,4.80,1.90
2008.05.27 19:33:33.355,2.0612,2.0616,1.90,1.90
2008.05.27 19:33:33.571,2.0611,2.0616,4.80,1.90
2008.05.27 19:33:35.383,2.0611,2.0616,1.90,5.20
2008.05.27 19:33:35.431,2.061,2.0616,2.80,5.20
2008.05.27 19:33:36.469,2.061,2.0616,2.80,6.20
2008.05.27 19:33:43.060,2.06105,2.0616,0.20,6.20
2008.05.27 19:33:43.170,2.06105,2.0615,0.20,1.90
2008.05.27 19:33:43.343,2.06105,2.0616,0.20,3.30
2008.05.27 19:33:43.398,2.061,2.0616,2.80,3.30
2008.05.27 19:33:45.363,2.061,2.06155,2.80,0.70
2008.05.27 19:33:45.668,2.061,2.0616,2.80,3.30
2008.05.27 19:33:46.061,2.06105,2.0616,0.20,3.30
2008.05.27 19:33:46.280,2.06105,2.0616,0.20,2.80
2008.05.27 19:33:46.780,2.0611,2.0616,1.90,2.80
2008.05.27 19:33:46.865,2.0611,2.0617,4.80,2.80
2008.05.27 19:33:47.351,2.06125,2.0617,0.20,2.80
2008.05.27 19:33:51.145,2.06125,2.0617,0.20,3.30
2008.05.27 19:33:51.303,2.06125,2.0617,0.20,5.20
2008.05.27 19:33:51.774,2.06125,2.06165,0.20,0.70
2008.05.27 19:33:53.449,2.06125,2.06155,0.20,0.70
2008.05.27 19:33:53.592,2.06105,2.06155,0.20,0.70
2008.05.27 19:33:53.697,2.06105,2.0615,0.20,1.90
2008.05.27 19:33:55.287,2.0611,2.0615,6.70,1.90
2008.05.27 19:33:55.376,2.0611,2.0616,6.70,0.90
2008.05.27 19:33:55.490,2.0611,2.06165,6.70,0.70
2008.05.27 19:33:55.834,2.06125,2.06165,0.20,0.70
2008.05.27 19:33:58.883,2.06115,2.0616,0.20,1.90
2008.05.27 19:34:00.677,2.06115,2.0616,0.20,4.80
2008.05.27 19:34:02.015,2.06105,2.0616,0.20,4.80
2008.05.27 19:34:03.120,2.06105,2.0616,0.20,5.70
2008.05.27 19:34:04.097,2.0611,2.0616,2.80,2.80
2008.05.27 19:34:06.295,2.0611,2.0616,2.80,3.30
2008.05.27 19:34:06.381,2.06105,2.0616,0.20,6.20
2008.05.27 19:34:07.917,2.06115,2.0616,0.20,6.20
2008.05.27 19:34:08.695,2.06115,2.0615,0.20,0.90
2008.05.27 19:34:09.256,2.06115,2.0616,0.20,3.30
2008.05.27 19:34:09.878,2.06105,2.0616,0.20,3.30
2008.05.27 19:34:12.656,2.06105,2.0615,0.20,1.90
2008.05.27 19:34:12.773,2.06105,2.0615,0.20,2.80
2008.05.27 19:34:15.714,2.06105,2.0615,0.20,3.30
2008.05.27 19:34:15.769,2.0609,2.0614,2.80,1.90
2008.05.27 19:34:17.013,2.06095,2.0614,0.20,1.90
2008.05.27 19:34:17.388,2.0609,2.0614,2.80,1.90
2008.05.27 19:34:18.642,2.061,2.0615,2.80,2.80
2008.05.27 19:34:19.486,2.061,2.0615,2.80,3.30
2008.05.27 19:34:19.662,2.0609,2.0614,2.80,1.90
2008.05.27 19:34:20.011,2.061,2.0615,2.80,2.80
2008.05.27 19:34:23.731,2.06095,2.0615,0.20,5.70
2008.05.27 19:34:23.920,2.0609,2.0614,2.80,1.90
2008.05.27 19:34:24.214,2.0609,2.0614,2.80,2.40
2008.05.27 19:34:24.244,2.0608,2.0613,4.80,1.90
2008.05.27 19:34:24.499,2.0608,2.0613,4.80,2.80
2008.05.27 19:34:24.715,2.0608,2.0614,4.80,3.30
2008.05.27 19:34:26.848,2.0608,2.0614,4.80,2.80
2008.05.27 19:34:26.942,2.0609,2.06145,2.80,0.90
2008.05.27 19:34:27.088,2.0609,2.0615,2.80,3.80
2008.05.27 19:34:34.656,2.0609,2.0614,2.80,0.70
2008.05.27 19:34:34.834,2.0608,2.0614,4.80,3.30
2008.05.27 19:34:35.353,2.0608,2.0614,4.80,2.80
2008.05.27 19:34:35.382,2.0609,2.06145,2.80,1.40
2008.05.27 19:34:35.885,2.0609,2.06145,2.80,0.70
2008.05.27 19:34:41.048,2.06095,2.06145,0.90,0.70
2008.05.27 19:34:41.417,2.061,2.06145,2.80,0.70
2008.05.27 19:34:41.636,2.061,2.06145,4.80,0.70
2008.05.27 19:34:41.903,2.061,2.06155,4.80,0.70
2008.05.27 19:34:48.684,2.06105,2.06155,0.20,0.70
2008.05.27 19:35:04.555,2.06105,2.06155,1.00,0.70
2008.05.27 19:35:05.728,2.06115,2.06155,0.20,0.70
2008.05.27 19:35:06.246,2.06105,2.06155,0.90,0.70
2008.05.27 19:35:07.561,2.06115,2.06155,0.20,0.70
2008.05.27 19:35:08.009,2.06105,2.06155,1.00,0.70
2008.05.27 19:35:08.675,2.06105,2.06155,0.90,0.70
2008.05.27 19:35:10.398,2.06105,2.0616,0.90,2.80
2008.05.27 19:35:10.446,2.0611,2.0616,2.80,2.80
2008.05.27 19:35:10.492,2.0611,2.0616,3.80,2.80
2008.05.27 19:35:10.623,2.0611,2.06165,6.70,2.80
2008.05.27 19:35:10.712,2.0611,2.06165,6.70,0.70
2008.05.27 19:35:11.206,2.0613,2.06165,2.80,0.70
2008.05.27 19:35:11.358,2.0613,2.0617,3.80,3.30
2008.05.27 19:35:11.508,2.0613,2.0619,6.70,8.10
2008.05.27 19:35:11.658,2.0613,2.0618,6.70,1.90
2008.05.27 19:35:11.809,2.0613,2.0619,8.60,3.80
2008.05.27 19:35:11.959,2.0613,2.0619,3.80,3.30
2008.05.27 19:35:12.109,2.0613,2.0619,2.80,3.30
2008.05.27 19:35:12.260,2.0614,2.0619,2.80,0.70
2008.05.27 19:35:12.672,2.0614,2.06195,2.80,0.70
