2014.02.28 19:00:00.558,1.70894,1.70904,1.58,1.88
2014.02.28 19:00:00.887,1.70894,1.70904,1.00,2.25
2014.02.28 19:00:01.191,1.70891,1.70898,1.50,1.88
2014.02.28 19:00:01.495,1.70885,1.70895,1.38,1.38
2014.02.28 19:00:02.522,1.70884,1.70894,1.00,1.00
2014.02.28 19:00:03.058,1.70884,1.70895,1.00,1.00
2014.02.28 19:00:04.481,1.70889,1.70895,1.00,1.00
2014.02.28 19:00:14.149,1.70885,1.70895,1.00,1.00
2014.02.28 19:00:14.200,1.70893,1.70898,1.00,1.00
2014.02.28 19:00:14.764,1.70886,1.70897,1.13,1.00
2014.02.28 19:00:17.345,1.70889,1.70897,1.00,1.00
2014.02.28 19:00:17.497,1.70884,1.70895,1.38,1.00
2014.02.28 19:00:17.598,1.70884,1.70894,1.00,1.00
2014.02.28 19:00:17.700,1.70884,1.70891,1.00,1.00
2014.02.28 19:00:21.220,1.70879,1.70889,1.00,1.00
2014.02.28 19:00:21.321,1.70879,1.70887,1.00,1.00
2014.02.28 19:00:21.574,1.70885,1.70894,1.00,1.00
2014.02.28 19:00:21.675,1.70883,1.70896,1.38,1.50
2014.02.28 19:00:21.726,1.70883,1.70896,1.50,1.50
2014.02.28 19:00:22.181,1.70883,1.70896,1.95,1.00
2014.02.28 19:00:22.639,1.70889,1.70896,1.00,1.00
2014.02.28 19:00:23.183,1.70889,1.70897,1.00,1.00
2014.02.28 19:00:23.437,1.70884,1.70894,1.13,1.00
2014.02.28 19:00:24.418,1.70884,1.70893,1.00,1.13
2014.02.28 19:00:24.524,1.70884,1.70892,1.38,1.00
2014.02.28 19:00:24.828,1.70882,1.70895,1.88,2.63
2014.02.28 19:00:25.132,1.70884,1.70893,1.00,1.00
2014.02.28 19:00:25.437,1.70889,1.70893,1.00,1.00
2014.02.28 19:00:26.396,1.70884,1.70893,1.00,1.00
2014.02.28 19:00:26.918,1.70884,1.70892,1.00,1.50
2014.02.28 19:00:26.968,1.70884,1.70892,1.00,3.00
2014.02.28 19:00:27.171,1.70879,1.70888,1.00,1.00
2014.02.28 19:00:27.272,1.70879,1.70886,1.00,1.00
2014.02.28 19:00:29.046,1.70872,1.70882,1.50,1.00
2014.02.28 19:00:29.934,1.70879,1.70885,1.00,1.00
2014.02.28 19:00:31.236,1.70874,1.70885,1.00,1.38
2014.02.28 19:00:31.337,1.70869,1.70881,1.50,1.88
2014.02.28 19:00:31.439,1.70869,1.70877,1.00,1.00
2014.02.28 19:00:31.548,1.70869,1.7088,1.00,1.00
2014.02.28 19:00:31.980,1.70869,1.70875,1.00,1.00
2014.02.28 19:00:34.091,1.70869,1.7088,1.50,1.00
2014.02.28 19:00:34.192,1.70873,1.70883,1.00,1.15
2014.02.28 19:00:34.294,1.70873,1.70886,1.13,2.25
2014.02.28 19:00:35.905,1.70873,1.70886,1.88,1.88
2014.02.28 19:00:36.166,1.70879,1.70888,1.00,3.75
2014.02.28 19:00:37.437,1.70879,1.70885,1.00,1.00
2014.02.28 19:00:37.487,1.70872,1.70885,1.10,1.50
2014.02.28 19:00:37.538,1.70872,1.70885,1.10,1.50
2014.02.28 19:00:37.589,1.7087,1.70878,1.00,1.88
2014.02.28 19:00:37.640,1.7087,1.70878,1.00,2.63
2014.02.28 19:00:37.742,1.70864,1.70876,1.00,1.88
2014.02.28 19:00:37.843,1.70861,1.70872,1.38,1.00
2014.02.28 19:00:38.045,1.70862,1.70876,1.00,3.75
2014.02.28 19:00:38.209,1.70861,1.7087,1.13,1.00
2014.02.28 19:00:38.781,1.70861,1.70873,1.13,1.00
2014.02.28 19:00:39.288,1.70861,1.70873,1.13,1.88
2014.02.28 19:00:39.390,1.70859,1.70871,1.00,1.50
2014.02.28 19:00:39.744,1.70859,1.70866,1.00,1.00
2014.02.28 19:00:39.895,1.70859,1.70869,1.00,3.08
2014.02.28 19:00:39.957,1.70859,1.70865,1.00,1.00
2014.02.28 19:00:40.645,1.70859,1.70869,1.00,3.08
2014.02.28 19:00:44.594,1.70859,1.70871,1.00,1.38
2014.02.28 19:00:45.465,1.70859,1.70869,1.00,1.00
2014.02.28 19:00:45.971,1.70855,1.70868,1.00,1.50
2014.02.28 19:00:46.501,1.70855,1.70867,1.00,1.00
2014.02.28 19:00:47.018,1.70855,1.70866,1.00,1.00
2014.02.28 19:00:47.120,1.70855,1.70866,1.00,2.25
2014.02.28 19:00:47.221,1.70852,1.70866,1.50,5.40
2014.02.28 19:00:47.322,1.70852,1.7086,1.50,1.00
2014.02.28 19:00:47.373,1.7085,1.7086,1.00,1.00
2014.02.28 19:00:47.677,1.7085,1.70858,1.00,1.00
2014.02.28 19:00:47.779,1.7085,1.7086,1.00,1.00
2014.02.28 19:00:52.994,1.7085,1.70861,1.00,1.50
2014.02.28 19:00:53.799,1.70846,1.70861,2.03,4.50
2014.02.28 19:00:59.678,1.70846,1.7086,2.03,1.88
2014.02.28 19:01:00.297,1.70846,1.70861,2.03,4.50
2014.02.28 19:01:00.491,1.70849,1.70861,1.38,2.63
2014.02.28 19:01:01.019,1.70851,1.70862,1.48,2.25
2014.02.28 19:01:01.782,1.70854,1.70862,1.38,2.25
2014.02.28 19:01:01.883,1.70854,1.70863,1.13,1.88
2014.02.28 19:01:01.934,1.70852,1.70865,1.88,2.25
2014.02.28 19:01:02.145,1.70852,1.70863,1.88,1.88
2014.02.28 19:01:02.655,1.70854,1.70864,1.13,1.88
2014.02.28 19:01:03.826,1.70854,1.70865,1.00,3.38
2014.02.28 19:01:06.257,1.70854,1.70864,1.00,1.88
2014.02.28 19:01:08.189,1.70854,1.70865,1.00,3.00
2014.02.28 19:01:08.290,1.70854,1.70867,1.00,3.75
2014.02.28 19:01:08.493,1.70859,1.70867,1.00,3.75
2014.02.28 19:01:08.600,1.70854,1.70867,1.00,3.75
2014.02.28 19:01:18.645,1.70854,1.70868,2.25,3.75
2014.02.28 19:01:18.818,1.70854,1.70868,2.63,3.75
2014.02.28 19:01:19.766,1.70859,1.70868,1.00,1.00
2014.02.28 19:01:20.810,1.70859,1.70868,1.75,1.00
2014.02.28 19:01:20.962,1.70864,1.70875,1.08,2.25
2014.02.28 19:01:21.012,1.70864,1.70872,1.10,1.88
2014.02.28 19:01:21.114,1.70862,1.70871,1.00,1.88
2014.02.28 19:01:21.265,1.7086,1.7087,1.00,2.63
2014.02.28 19:01:21.780,1.70859,1.7087,2.63,2.63
2014.02.28 19:01:22.733,1.70859,1.70869,2.63,1.88
2014.02.28 19:01:23.011,1.70864,1.70868,1.00,1.88
2014.02.28 19:01:23.378,1.70859,1.70869,1.00,2.63
2014.02.28 19:01:26.210,1.70859,1.70871,1.00,1.88
2014.02.28 19:01:29.728,1.70864,1.70873,1.00,1.28
2014.02.28 19:01:29.829,1.70864,1.70874,1.00,1.88
2014.02.28 19:01:29.931,1.70864,1.70873,1.00,1.50
2014.02.28 19:01:30.083,1.70859,1.70873,1.88,1.50
2014.02.28 19:01:30.643,1.70859,1.70872,1.50,1.10
2014.02.28 19:01:31.371,1.70859,1.70871,1.50,1.88
2014.02.28 19:01:34.588,1.70857,1.70868,1.00,1.00
2014.02.28 19:01:37.227,1.70857,1.70868,1.00,3.38
2014.02.28 19:01:37.328,1.70855,1.70867,1.10,1.13
2014.02.28 19:01:37.663,1.70859,1.70867,1.00,1.00
2014.02.28 19:01:47.550,1.70863,1.7087,1.00,3.38
2014.02.28 19:01:47.651,1.70864,1.7087,1.00,3.75
2014.02.28 19:01:50.735,1.70859,1.7087,1.95,1.00
2014.02.28 19:01:57.668,1.70859,1.7087,1.95,1.00
2014.02.28 19:01:59.437,1.70859,1.7087,1.95,2.63
2014.02.28 19:02:00.406,1.70859,1.70871,1.95,1.88
2014.02.28 19:02:02.681,1.70859,1.70872,1.95,3.38
2014.02.28 19:02:03.591,1.70859,1.70871,1.95,1.88
2014.02.28 19:02:04.827,1.7086,1.70871,1.38,1.88
2014.02.28 19:02:05.456,1.70868,1.70873,1.00,2.25
2014.02.28 19:02:06.834,1.70869,1.70874,1.00,1.38
2014.02.28 19:02:09.650,1.70869,1.70876,1.00,1.13
2014.02.28 19:02:11.657,1.70869,1.70877,1.00,1.10
2014.02.28 19:02:11.708,1.70873,1.70878,1.00,1.88
2014.02.28 19:02:11.911,1.70874,1.70883,1.00,1.38
2014.02.28 19:02:12.165,1.70869,1.70881,1.00,1.50
2014.02.28 19:02:12.270,1.70869,1.70878,1.00,1.00
2014.02.28 19:02:17.637,1.70869,1.70879,1.00,1.00
2014.02.28 19:02:17.940,1.70869,1.70875,1.00,1.00
2014.02.28 19:02:19.052,1.70869,1.70878,1.00,2.70
2014.02.28 19:02:20.709,1.70872,1.70878,1.00,1.10
2014.02.28 19:02:23.561,1.70874,1.70878,1.00,1.00
2014.02.28 19:02:29.417,1.70869,1.70878,2.59,1.00
2014.02.28 19:02:29.468,1.70877,1.70884,1.00,1.00
2014.02.28 19:02:29.519,1.7088,1.70886,1.00,1.45
2014.02.28 19:02:29.621,1.70876,1.70885,2.03,1.00
2014.02.28 19:02:29.976,1.70884,1.70889,1.00,1.13
2014.02.28 19:02:32.521,1.70884,1.70891,1.00,2.63
2014.02.28 19:02:34.823,1.70884,1.70891,1.00,3.53
2014.02.28 19:02:35.155,1.70884,1.70888,1.00,1.00
2014.02.28 19:02:46.257,1.70884,1.70891,1.00,1.65
2014.02.28 19:02:52.098,1.70884,1.70891,1.00,1.58
2014.02.28 19:02:53.045,1.70879,1.70891,1.13,1.00
2014.02.28 19:02:53.197,1.70879,1.70886,1.00,1.00
2014.02.28 19:02:53.730,1.70884,1.70892,1.00,3.00
2014.02.28 19:02:57.885,1.70879,1.70886,1.00,1.00
2014.02.28 19:02:58.036,1.70879,1.70888,1.00,1.88
2014.02.28 19:02:58.138,1.70879,1.70885,1.00,1.00
2014.02.28 19:03:02.501,1.70879,1.70887,1.00,1.88
2014.02.28 19:03:04.906,1.70879,1.70886,1.00,1.88
2014.02.28 19:03:05.598,1.70879,1.70884,1.00,1.00
2014.02.28 19:03:07.035,1.70872,1.70881,2.03,1.88
2014.02.28 19:03:07.086,1.70871,1.70881,1.00,1.88
2014.02.28 19:03:07.137,1.7087,1.70879,1.00,2.63
2014.02.28 19:03:07.682,1.70869,1.70879,1.13,2.63
2014.02.28 19:03:08.651,1.70869,1.70878,1.00,1.88
2014.02.28 19:03:08.802,1.70865,1.70875,1.10,1.00
2014.02.28 19:03:09.105,1.70864,1.70873,1.00,1.00
2014.02.28 19:03:12.075,1.70863,1.70873,1.13,1.00
2014.02.28 19:03:12.379,1.7086,1.7087,1.00,1.00
2014.02.28 19:03:12.685,1.70859,1.70867,1.50,1.00
2014.02.28 19:03:13.364,1.70859,1.70867,1.28,1.00
2014.02.28 19:03:15.358,1.70859,1.70867,1.13,1.00
2014.02.28 19:03:15.665,1.70859,1.70865,1.00,1.00
2014.02.28 19:03:17.188,1.70859,1.7087,1.00,3.00
2014.02.28 19:03:18.196,1.70859,1.70866,1.00,1.00
2014.02.28 19:03:28.054,1.70859,1.70871,1.00,1.38
2014.02.28 19:03:28.871,1.70859,1.70871,1.00,1.00
2014.02.28 19:03:28.922,1.70864,1.70871,1.00,1.00
2014.02.28 19:03:29.074,1.70864,1.70873,1.00,1.88
2014.02.28 19:03:29.175,1.70869,1.70873,1.00,1.00
2014.02.28 19:03:29.276,1.70869,1.70877,1.00,1.95
2014.02.28 19:03:30.104,1.70869,1.70878,1.13,1.00
2014.02.28 19:03:31.352,1.70874,1.70878,1.00,1.00
2014.02.28 19:03:31.655,1.70877,1.70881,1.00,1.00
2014.02.28 19:03:31.807,1.70879,1.70885,1.00,1.00
2014.02.28 19:03:37.047,1.70882,1.70888,1.00,1.00
2014.02.28 19:03:37.350,1.70881,1.70887,1.55,1.00
2014.02.28 19:03:37.452,1.70881,1.7089,1.55,1.00
2014.02.28 19:03:37.705,1.70884,1.7089,1.00,1.00
2014.02.28 19:03:37.908,1.70884,1.70888,1.00,1.00
2014.02.28 19:03:38.219,1.70877,1.70885,1.38,1.00
2014.02.28 19:03:38.371,1.70879,1.70885,1.00,1.00
2014.02.28 19:03:42.240,1.70885,1.70893,1.00,1.58
2014.02.28 19:03:42.291,1.70884,1.70888,1.00,1.00
2014.02.28 19:03:42.393,1.70889,1.70894,1.00,1.88
2014.02.28 19:03:42.494,1.70885,1.70892,1.15,1.00
2014.02.28 19:03:46.003,1.70884,1.70892,1.00,2.63
2014.02.28 19:03:47.746,1.70889,1.70894,1.00,1.50
2014.02.28 19:03:47.899,1.70889,1.70897,1.00,1.00
2014.02.28 19:03:48.434,1.70889,1.70896,1.00,1.88
2014.02.28 19:03:49.366,1.70884,1.70896,1.55,2.25
2014.02.28 19:03:49.417,1.70884,1.70891,1.55,1.88
2014.02.28 19:03:49.963,1.70884,1.70891,1.00,1.88
2014.02.28 19:03:50.416,1.70884,1.70889,1.00,1.88
2014.02.28 19:03:51.167,1.70884,1.7089,1.00,1.88
2014.02.28 19:03:51.736,1.70884,1.70891,1.00,1.88
2014.02.28 19:03:52.536,1.70884,1.7089,1.00,1.88
2014.02.28 19:03:59.832,1.7088,1.7089,1.10,2.25
2014.02.28 19:03:59.984,1.70879,1.70888,2.25,1.00
2014.02.28 19:04:00.287,1.70879,1.70886,1.50,1.00
2014.02.28 19:04:01.287,1.70879,1.70888,1.50,1.38
2014.02.28 19:04:01.591,1.70886,1.70892,1.38,1.00
2014.02.28 19:04:01.692,1.70884,1.70892,1.08,1.00
2014.02.28 19:04:01.793,1.70881,1.70891,1.08,1.00
2014.02.28 19:04:01.844,1.70881,1.70891,1.10,1.13
2014.02.28 19:04:02.349,1.7088,1.7089,1.18,1.00
2014.02.28 19:04:02.501,1.70879,1.7089,1.00,1.00
2014.02.28 19:04:02.703,1.70879,1.70887,1.00,1.00
2014.02.28 19:04:04.215,1.70884,1.70891,1.00,1.50
2014.02.28 19:04:04.266,1.70884,1.7089,1.00,1.00
2014.02.28 19:04:04.367,1.70884,1.70888,1.00,1.00
2014.02.28 19:04:04.569,1.70879,1.7089,3.15,1.38
2014.02.28 19:04:04.673,1.70879,1.70888,1.53,1.38
2014.02.28 19:04:04.774,1.70879,1.70886,1.00,1.00
2014.02.28 19:04:04.876,1.70879,1.70886,1.00,1.38
2014.02.28 19:04:14.145,1.70871,1.70882,3.15,1.00
2014.02.28 19:04:15.544,1.70874,1.70882,1.00,1.00
2014.02.28 19:04:16.071,1.70874,1.70882,1.18,1.00
2014.02.28 19:04:18.650,1.70874,1.70884,1.18,1.13
2014.02.28 19:04:21.386,1.70874,1.70884,1.18,1.38
2014.02.28 19:04:25.680,1.70879,1.70884,1.00,1.38
2014.02.28 19:04:25.993,1.70874,1.70884,1.28,1.38
2014.02.28 19:04:35.370,1.70879,1.70883,1.00,1.13
2014.02.28 19:04:37.546,1.70874,1.70883,1.65,1.00
2014.02.28 19:04:37.698,1.70874,1.70885,1.28,1.13
2014.02.28 19:04:39.652,1.70874,1.70885,1.28,1.38
2014.02.28 19:04:40.050,1.70879,1.70887,1.00,1.38
2014.02.28 19:04:40.553,1.70878,1.70887,1.00,1.38
2014.02.28 19:04:40.655,1.70879,1.70887,1.00,1.00
2014.02.28 19:04:41.715,1.7088,1.70887,1.00,1.00
2014.02.28 19:04:45.450,1.70881,1.70887,1.00,1.00
2014.02.28 19:04:45.956,1.7088,1.70887,1.00,1.00
2014.02.28 19:04:46.469,1.70881,1.70887,1.00,1.00
2014.02.28 19:04:49.353,1.70879,1.70887,2.25,1.00
2014.02.28 19:04:52.245,1.70879,1.70885,1.50,1.00
2014.02.28 19:05:05.225,1.70878,1.70882,1.00,1.00
2014.02.28 19:05:09.603,1.70874,1.70882,1.00,1.00
2014.02.28 19:05:18.903,1.70879,1.70885,1.00,1.00
2014.02.28 19:05:20.172,1.70879,1.70885,1.00,1.50
2014.02.28 19:05:28.187,1.70879,1.70887,1.00,3.75
2014.02.28 19:05:30.571,1.70879,1.70886,1.00,1.88
2014.02.28 19:05:31.468,1.70879,1.70887,1.00,3.75
2014.02.28 19:05:31.961,1.70879,1.70885,1.00,1.00
2014.02.28 19:05:34.743,1.70874,1.70885,1.15,1.00
2014.02.28 19:05:36.196,1.70874,1.70885,1.10,2.63
2014.02.28 19:05:38.606,1.70879,1.70885,1.00,1.88
2014.02.28 19:05:39.035,1.70874,1.70886,1.10,2.63
2014.02.28 19:05:39.676,1.70874,1.70885,1.10,1.88
2014.02.28 19:05:40.253,1.70874,1.70886,1.10,2.63
2014.02.28 19:05:42.454,1.70874,1.70886,1.15,1.00
2014.02.28 19:05:42.758,1.70879,1.70889,1.00,1.88
2014.02.28 19:05:43.804,1.70879,1.70886,1.00,1.00
2014.02.28 19:05:43.906,1.70874,1.70886,1.15,1.00
2014.02.28 19:05:44.058,1.70874,1.70886,1.10,1.50
2014.02.28 19:05:45.091,1.70879,1.70886,1.00,1.50
2014.02.28 19:05:45.522,1.70874,1.70886,1.10,1.50
2014.02.28 19:05:50.296,1.70879,1.70883,1.00,1.00
2014.02.28 19:05:50.505,1.70874,1.70883,1.10,1.00
2014.02.28 19:06:00.331,1.70874,1.70883,1.18,1.00
2014.02.28 19:06:01.110,1.70874,1.70883,1.15,1.00
2014.02.28 19:06:04.250,1.70874,1.70887,1.15,3.38
2014.02.28 19:06:06.801,1.70874,1.70887,1.15,1.13
2014.02.28 19:06:06.902,1.70874,1.70884,1.18,1.00
2014.02.28 19:06:10.945,1.70874,1.70884,1.00,1.00
2014.02.28 19:06:11.249,1.70874,1.70882,1.00,1.00
2014.02.28 19:06:11.957,1.70874,1.70883,1.00,2.63
2014.02.28 19:06:12.764,1.70874,1.70883,1.20,1.00
2014.02.28 19:06:13.068,1.70882,1.70893,1.95,1.13
2014.02.28 19:06:13.271,1.70883,1.70896,1.28,1.00
2014.02.28 19:06:14.323,1.70883,1.70893,1.28,1.88
2014.02.28 19:06:14.645,1.70883,1.70892,1.20,1.88
2014.02.28 19:06:16.784,1.70884,1.70892,1.00,1.88
2014.02.28 19:06:16.835,1.70884,1.70894,1.00,1.50
2014.02.28 19:06:16.936,1.70884,1.70896,1.15,1.00
2014.02.28 19:06:17.441,1.70884,1.70897,1.15,2.25
2014.02.28 19:06:19.399,1.70885,1.70898,1.18,3.38
2014.02.28 19:06:21.216,1.70885,1.70896,1.18,1.00
2014.02.28 19:06:22.526,1.70885,1.70898,1.65,2.63
2014.02.28 19:06:28.233,1.70889,1.70899,1.00,1.88
2014.02.28 19:06:30.779,1.70889,1.709,1.00,4.50
2014.02.28 19:06:31.130,1.70889,1.70896,1.00,1.00
2014.02.28 19:06:33.772,1.70889,1.709,1.00,3.38
2014.02.28 19:06:38.790,1.70889,1.70896,1.00,1.00
2014.02.28 19:06:39.718,1.70889,1.709,1.00,1.50
2014.02.28 19:06:42.592,1.70894,1.709,1.00,1.00
2014.02.28 19:06:47.705,1.70894,1.70902,1.00,1.00
2014.02.28 19:06:52.587,1.70894,1.70898,1.00,1.00
2014.02.28 19:06:52.790,1.70894,1.70903,1.00,1.00
2014.02.28 19:06:53.352,1.70894,1.70904,1.00,1.00
2014.02.28 19:06:55.004,1.70894,1.709,1.00,1.00
2014.02.28 19:06:59.518,1.70894,1.70902,1.00,1.00
2014.02.28 19:06:59.670,1.70889,1.70901,1.65,1.88
2014.02.28 19:07:00.486,1.70889,1.709,1.18,1.88
2014.02.28 19:07:02.016,1.70889,1.70899,1.18,1.88
2014.02.28 19:07:04.770,1.70889,1.709,1.55,1.88
2014.02.28 19:07:05.192,1.70889,1.70901,1.55,1.88
2014.02.28 19:07:05.344,1.70894,1.70903,1.00,1.00
2014.02.28 19:07:06.179,1.70894,1.70904,1.00,2.63
2014.02.28 19:07:14.261,1.70894,1.70903,1.00,1.00
2014.02.28 19:07:14.452,1.70894,1.709,1.00,1.00
2014.02.28 19:07:26.669,1.70894,1.70902,1.00,1.00
2014.02.28 19:07:36.963,1.70896,1.70902,1.00,1.00
2014.02.28 19:07:37.155,1.70899,1.70907,1.00,1.00
2014.02.28 19:07:37.206,1.70904,1.7091,1.13,1.38
2014.02.28 19:07:37.412,1.70909,1.70916,1.00,1.00
2014.02.28 19:07:38.032,1.70909,1.70917,1.00,1.00
2014.02.28 19:07:38.539,1.70909,1.70916,1.00,1.00
2014.02.28 19:07:52.312,1.70909,1.70917,1.00,1.00
2014.02.28 19:07:57.109,1.70909,1.70916,1.00,1.00
2014.02.28 19:08:17.601,1.70909,1.70916,1.38,1.00
2014.02.28 19:08:19.928,1.70909,1.70916,1.00,1.00
2014.02.28 19:08:25.925,1.70906,1.70916,2.40,1.00
2014.02.28 19:08:26.027,1.70912,1.70919,1.00,1.00
2014.02.28 19:08:27.359,1.70913,1.70919,1.00,1.00
2014.02.28 19:08:30.305,1.70909,1.70919,1.00,1.00
2014.02.28 19:08:30.809,1.70909,1.7092,1.00,1.00
2014.02.28 19:08:32.632,1.70909,1.70921,1.00,2.25
2014.02.28 19:08:33.252,1.70909,1.7092,1.00,1.00
2014.02.28 19:08:33.461,1.70906,1.70913,2.78,1.00
2014.02.28 19:09:00.196,1.70909,1.70917,1.00,1.00
2014.02.28 19:09:09.301,1.70909,1.70918,1.00,3.38
2014.02.28 19:09:09.807,1.70909,1.70917,1.00,1.00
2014.02.28 19:09:10.347,1.70909,1.70916,1.00,1.00
2014.02.28 19:09:10.860,1.70909,1.70917,1.00,1.00
2014.02.28 19:09:12.120,1.70904,1.70917,3.15,2.63
2014.02.28 19:09:12.222,1.70906,1.70915,1.00,1.00
2014.02.28 19:09:12.776,1.70904,1.70914,1.48,1.00
2014.02.28 19:09:22.122,1.70904,1.70915,1.48,3.38
2014.02.28 19:09:22.651,1.70904,1.70914,1.48,1.88
2014.02.28 19:09:23.769,1.70904,1.70913,1.48,1.88
2014.02.28 19:09:24.562,1.70904,1.7091,1.48,1.88
2014.02.28 19:09:24.714,1.70899,1.70906,1.00,1.88
2014.02.28 19:09:24.816,1.70896,1.70906,1.00,1.00
2014.02.28 19:09:25.299,1.70894,1.70905,1.50,1.00
2014.02.28 19:09:25.804,1.70894,1.70904,1.00,1.88
2014.02.28 19:09:27.504,1.70894,1.70903,1.00,1.88
2014.02.28 19:09:28.929,1.70894,1.70902,1.00,1.88
2014.02.28 19:09:31.155,1.70894,1.70901,1.00,1.88
2014.02.28 19:09:41.310,1.70894,1.70902,1.00,1.88
2014.02.28 19:09:41.840,1.70894,1.70903,1.00,2.63
2014.02.28 19:09:42.420,1.70894,1.70902,1.00,1.88
2014.02.28 19:09:43.051,1.70894,1.70903,1.00,2.63
2014.02.28 19:09:43.835,1.70894,1.70902,1.00,1.88
2014.02.28 19:09:44.443,1.70894,1.70903,1.00,2.63
2014.02.28 19:09:45.265,1.70894,1.70902,1.00,1.88
2014.02.28 19:09:45.793,1.70894,1.70903,1.00,2.63
2014.02.28 19:09:56.955,1.70899,1.70904,1.00,1.00
2014.02.28 19:09:57.057,1.70899,1.70904,1.13,1.00
2014.02.28 19:09:57.563,1.709,1.70906,1.38,1.00
2014.02.28 19:10:00.449,1.709,1.70905,1.00,1.00
2014.02.28 19:10:00.988,1.709,1.70904,1.00,1.00
2014.02.28 19:10:01.089,1.70898,1.70902,1.00,1.00
2014.02.28 19:10:01.610,1.70894,1.709,1.13,1.00
2014.02.28 19:10:05.641,1.70893,1.70901,1.45,1.00
2014.02.28 19:10:06.229,1.70896,1.70902,1.00,1.00
2014.02.28 19:10:06.722,1.70899,1.70903,1.00,1.00
2014.02.28 19:10:06.773,1.70896,1.70903,1.00,1.00
2014.02.28 19:10:06.824,1.70894,1.70898,1.13,1.00
2014.02.28 19:10:10.862,1.70888,1.70897,1.75,1.88
2014.02.28 19:10:11.167,1.70879,1.70886,1.75,1.00
2014.02.28 19:10:11.318,1.70879,1.70884,1.00,1.00
2014.02.28 19:10:12.235,1.70879,1.70885,1.00,1.00
2014.02.28 19:10:12.538,1.70879,1.70887,1.00,1.00
2014.02.28 19:10:13.100,1.70879,1.70888,1.00,1.00
2014.02.28 19:10:13.610,1.70879,1.70887,1.00,1.00
2014.02.28 19:10:14.254,1.70879,1.70888,1.00,1.50
2014.02.28 19:10:15.419,1.70879,1.70888,1.38,1.50
2014.02.28 19:10:19.050,1.70879,1.70888,1.00,1.50
2014.02.28 19:10:23.750,1.70879,1.70885,1.00,1.00
2014.02.28 19:10:24.271,1.70882,1.70888,1.00,1.00
2014.02.28 19:10:24.681,1.70883,1.70888,1.00,1.00
2014.02.28 19:10:27.223,1.70884,1.70889,1.00,1.00
2014.02.28 19:10:32.158,1.70883,1.70888,1.00,1.00
2014.02.28 19:10:32.209,1.70879,1.70888,1.00,1.00
2014.02.28 19:10:32.311,1.70879,1.70885,1.00,1.00
2014.02.28 19:10:36.228,1.70879,1.70887,1.00,1.50
2014.02.28 19:10:39.418,1.70879,1.70884,1.00,1.00
2014.02.28 19:10:41.665,1.70874,1.70884,1.00,1.00
2014.02.28 19:10:41.970,1.70879,1.70884,1.00,1.00
2014.02.28 19:10:43.406,1.70879,1.70885,1.00,1.50
2014.02.28 19:10:47.024,1.70879,1.70884,1.00,1.00
2014.02.28 19:10:52.844,1.70872,1.70882,1.00,1.00
2014.02.28 19:10:52.895,1.70874,1.70882,1.00,1.00
2014.02.28 19:10:53.441,1.70874,1.70881,1.00,3.38
2014.02.28 19:10:55.399,1.70874,1.70883,1.00,3.38
2014.02.28 19:10:56.999,1.70874,1.70882,1.00,1.88
2014.02.28 19:10:57.870,1.70874,1.70883,1.00,3.38
2014.02.28 19:10:58.793,1.70874,1.70882,1.00,1.00
2014.02.28 19:10:59.917,1.70874,1.70881,1.00,1.00
2014.02.28 19:11:22.475,1.70874,1.70883,1.00,3.38
2014.02.28 19:11:22.993,1.70874,1.70882,1.13,1.88
2014.02.28 19:11:23.501,1.70874,1.70881,1.13,2.63
2014.02.28 19:11:25.936,1.70874,1.70882,1.13,1.88
2014.02.28 19:11:30.139,1.70874,1.70883,1.13,3.38
2014.02.28 19:11:31.309,1.70874,1.70882,1.13,1.00
2014.02.28 19:11:31.818,1.70878,1.70883,1.00,1.00
2014.02.28 19:11:32.038,1.70879,1.70884,1.00,1.00
2014.02.28 19:11:33.820,1.70874,1.70883,1.88,1.00
2014.02.28 19:11:33.922,1.70879,1.70883,1.00,2.63
2014.02.28 19:11:34.226,1.70872,1.7088,1.38,1.00
2014.02.28 19:11:34.448,1.70874,1.7088,1.00,2.63
2014.02.28 19:11:36.769,1.70869,1.70879,1.88,1.00
2014.02.28 19:11:49.398,1.70871,1.7088,1.38,1.00
2014.02.28 19:11:49.938,1.70872,1.70881,1.75,1.00
2014.02.28 19:11:53.235,1.70879,1.70883,1.00,1.00
2014.02.28 19:11:56.558,1.70879,1.70885,1.00,1.00
2014.02.28 19:11:56.660,1.70875,1.70885,1.88,1.00
2014.02.28 19:12:00.178,1.70879,1.70884,1.00,1.00
2014.02.28 19:12:00.706,1.70879,1.70885,1.00,1.00
2014.02.28 19:12:01.215,1.70879,1.70886,1.00,1.00
2014.02.28 19:12:08.302,1.70879,1.70884,1.00,1.00
2014.02.28 19:12:10.078,1.70874,1.70884,1.88,1.00
2014.02.28 19:12:10.607,1.70874,1.70883,1.13,1.00
2014.02.28 19:12:26.358,1.70879,1.70883,1.00,1.00
2014.02.28 19:12:26.459,1.70874,1.70883,1.88,1.00
2014.02.28 19:12:27.593,1.70874,1.70884,1.88,1.00
2014.02.28 19:12:28.157,1.70874,1.70885,1.88,1.00
2014.02.28 19:12:29.296,1.70874,1.70885,1.13,1.00
2014.02.28 19:12:30.056,1.70879,1.70885,1.00,1.00
2014.02.28 19:12:30.827,1.70879,1.70886,1.00,1.50
2014.02.28 19:12:41.427,1.70879,1.70884,1.00,1.50
2014.02.28 19:12:50.318,1.70879,1.70883,1.00,1.00
2014.02.28 19:12:51.078,1.70879,1.70884,1.00,1.00
2014.02.28 19:12:53.045,1.70874,1.70884,1.50,1.00
2014.02.28 19:12:56.014,1.70874,1.70879,1.00,1.00
2014.02.28 19:12:59.845,1.70875,1.7088,1.88,1.00
2014.02.28 19:13:00.832,1.70874,1.70881,2.63,1.00
2014.02.28 19:13:00.933,1.70874,1.70881,3.00,1.00
2014.02.28 19:13:00.984,1.70876,1.70881,1.88,1.00
2014.02.28 19:13:02.477,1.70877,1.70881,1.88,1.00
2014.02.28 19:13:04.797,1.70876,1.70881,1.88,1.00
2014.02.28 19:13:06.617,1.70875,1.70881,1.88,1.00
2014.02.28 19:13:07.239,1.70876,1.70881,1.88,1.00
2014.02.28 19:13:09.541,1.70875,1.70881,1.88,1.00
2014.02.28 19:13:12.975,1.70876,1.70881,1.88,1.00
2014.02.28 19:13:13.131,1.70876,1.70883,1.88,1.00
2014.02.28 19:13:15.338,1.70874,1.70883,3.00,1.00
2014.02.28 19:13:27.923,1.70874,1.70885,1.38,1.00
2014.02.28 19:13:27.974,1.70874,1.70885,2.63,1.00
2014.02.28 19:13:28.025,1.70874,1.70887,4.58,1.00
2014.02.28 19:13:28.177,1.70874,1.70887,3.45,1.00
2014.02.28 19:13:37.249,1.70874,1.70885,1.88,1.13
2014.02.28 19:13:37.603,1.70874,1.70887,3.75,1.00
2014.02.28 19:13:38.138,1.70874,1.70887,3.75,1.00
2014.02.28 19:13:38.416,1.70874,1.70884,3.75,1.00
2014.02.28 19:13:38.722,1.70874,1.70882,1.88,1.00
2014.02.28 19:13:38.975,1.70874,1.70884,1.88,1.00
2014.02.28 19:13:40.674,1.70874,1.70884,1.00,1.48
2014.02.28 19:13:40.826,1.70874,1.70878,1.00,1.00
2014.02.28 19:13:41.130,1.70876,1.70883,1.00,1.10
2014.02.28 19:13:41.433,1.70868,1.70879,1.88,1.00
2014.02.28 19:13:41.885,1.70874,1.70879,1.00,1.00
2014.02.28 19:13:42.667,1.70867,1.70879,1.50,1.00
2014.02.28 19:13:42.768,1.70874,1.70879,1.00,1.00
2014.02.28 19:13:43.071,1.70876,1.70883,1.00,1.00
2014.02.28 19:13:43.375,1.70872,1.70878,1.38,1.00
2014.02.28 19:13:43.579,1.70874,1.70879,1.00,1.00
2014.02.28 19:13:46.285,1.7087,1.70879,1.38,1.00
2014.02.28 19:13:46.505,1.70874,1.70879,1.00,1.00
2014.02.28 19:13:48.436,1.70874,1.7088,1.00,1.00
2014.02.28 19:13:58.195,1.70872,1.7088,1.38,1.00
2014.02.28 19:13:58.824,1.70874,1.7088,1.00,1.00
2014.02.28 19:13:59.348,1.70874,1.70879,1.00,1.00
2014.02.28 19:13:59.944,1.70869,1.70879,1.13,1.50
2014.02.28 19:14:01.383,1.70874,1.70879,1.00,1.00
2014.02.28 19:14:04.575,1.7087,1.70879,1.38,1.00
2014.02.28 19:14:04.727,1.7087,1.70879,1.13,1.00
2014.02.28 19:14:04.778,1.7087,1.70876,1.13,1.00
2014.02.28 19:14:05.079,1.70869,1.70874,1.00,1.00
2014.02.28 19:14:05.621,1.70869,1.70874,1.38,1.00
2014.02.28 19:14:06.335,1.70869,1.70874,1.13,1.00
2014.02.28 19:14:07.160,1.70869,1.70875,1.00,1.00
2014.02.28 19:14:07.412,1.70864,1.70873,1.38,1.00
2014.02.28 19:14:08.034,1.70864,1.70874,1.13,1.00
2014.02.28 19:14:08.154,1.70864,1.70872,1.13,1.00
2014.02.28 19:14:10.390,1.70864,1.70872,1.13,1.00
2014.02.28 19:14:10.491,1.70864,1.70877,1.58,1.10
2014.02.28 19:14:10.643,1.70874,1.70878,1.00,1.00
2014.02.28 19:14:10.744,1.70874,1.70879,1.00,1.00
2014.02.28 19:14:11.289,1.70868,1.70877,1.38,1.00
2014.02.28 19:14:12.589,1.70869,1.70877,1.00,1.00
2014.02.28 19:14:12.740,1.70869,1.70879,1.50,1.00
2014.02.28 19:14:13.246,1.70869,1.7088,1.88,1.00
2014.02.28 19:14:13.352,1.70874,1.7088,1.00,1.00
2014.02.28 19:14:13.656,1.70869,1.70877,1.00,1.00
2014.02.28 19:14:14.703,1.70874,1.70881,1.00,1.00
2014.02.28 19:14:18.192,1.70869,1.70881,1.88,1.00
2014.02.28 19:14:19.050,1.70869,1.70881,1.88,2.63
2014.02.28 19:14:19.740,1.70869,1.7088,1.50,1.88
2014.02.28 19:14:21.201,1.70869,1.7088,1.88,1.88
2014.02.28 19:14:22.243,1.70869,1.70881,1.88,2.63
2014.02.28 19:14:23.353,1.70869,1.7088,1.88,1.88
2014.02.28 19:14:23.505,1.70867,1.70879,1.50,2.63
2014.02.28 19:14:24.041,1.70869,1.70879,1.00,2.63
2014.02.28 19:14:24.251,1.70874,1.70879,1.00,2.63
2014.02.28 19:14:25.162,1.70869,1.70879,1.00,1.00
2014.02.28 19:14:26.222,1.70874,1.70879,1.00,1.00
2014.02.28 19:14:27.757,1.70869,1.70879,1.00,1.00
2014.02.28 19:14:29.336,1.70869,1.70882,1.88,2.63
2014.02.28 19:14:29.437,1.70869,1.7088,1.13,1.00
2014.02.28 19:14:29.589,1.70869,1.70882,1.13,1.00
2014.02.28 19:14:29.690,1.70869,1.7088,1.13,1.00
2014.02.28 19:14:34.869,1.70869,1.7088,1.38,1.00
2014.02.28 19:14:37.355,1.70869,1.7088,1.00,1.00
2014.02.28 19:14:38.307,1.70869,1.7088,1.38,1.00
2014.02.28 19:14:41.894,1.70869,1.70877,1.00,1.00
2014.02.28 19:14:41.945,1.70867,1.70877,2.25,1.00
2014.02.28 19:14:42.198,1.70869,1.70877,1.00,1.00
2014.02.28 19:14:43.882,1.70869,1.70881,1.00,4.13
2014.02.28 19:14:44.414,1.70868,1.70881,1.00,4.88
2014.02.28 19:14:44.515,1.70868,1.70875,1.00,1.00
2014.02.28 19:14:44.879,1.70868,1.70879,1.00,2.63
2014.02.28 19:14:45.066,1.70868,1.70875,1.00,1.00
2014.02.28 19:14:48.134,1.70868,1.70875,1.38,1.00
2014.02.28 19:14:48.388,1.70869,1.70881,1.38,3.75
2014.02.28 19:14:48.540,1.70869,1.70879,1.13,1.00
2014.02.28 19:14:49.390,1.70868,1.70879,1.13,1.00
2014.02.28 19:14:50.153,1.70868,1.7088,1.13,1.00
2014.02.28 19:14:50.558,1.70869,1.70877,1.13,1.00
2014.02.28 19:14:51.656,1.70874,1.70881,1.00,1.00
2014.02.28 19:14:57.705,1.70872,1.70881,1.00,1.00
2014.02.28 19:15:00.385,1.70872,1.70879,1.00,1.00
2014.02.28 19:15:00.587,1.70872,1.70883,1.00,3.75
2014.02.28 19:15:01.445,1.70872,1.70882,1.00,2.25
2014.02.28 19:15:01.776,1.70872,1.70879,1.00,1.00
2014.02.28 19:15:02.358,1.70872,1.70879,1.00,1.00
2014.02.28 19:15:02.460,1.70874,1.70882,1.00,1.00
2014.02.28 19:15:02.562,1.70879,1.70884,1.50,1.38
2014.02.28 19:15:02.664,1.70882,1.7089,1.50,2.25
2014.02.28 19:15:02.715,1.70883,1.70891,1.13,1.50
2014.02.28 19:15:02.816,1.70888,1.70895,1.00,1.13
2014.02.28 19:15:02.867,1.70889,1.70899,1.00,1.48
2014.02.28 19:15:02.918,1.70889,1.70897,1.50,1.00
2014.02.28 19:15:02.969,1.70893,1.70898,1.38,1.00
2014.02.28 19:15:03.121,1.70899,1.70903,1.00,1.13
2014.02.28 19:15:03.223,1.70899,1.70908,1.10,1.13
2014.02.28 19:15:03.577,1.70899,1.70911,1.58,1.75
2014.02.28 19:15:03.644,1.70899,1.70911,1.58,1.50
2014.02.28 19:15:07.623,1.70899,1.70912,1.95,1.75
2014.02.28 19:15:07.724,1.70899,1.70912,1.95,1.75
2014.02.28 19:15:08.737,1.70899,1.70911,1.95,1.00
2014.02.28 19:15:10.178,1.70899,1.70912,1.95,3.38
2014.02.28 19:15:10.279,1.70899,1.70912,1.95,3.38
2014.02.28 19:15:10.380,1.70899,1.70911,1.95,1.00
2014.02.28 19:15:12.457,1.70899,1.70912,1.95,3.38
2014.02.28 19:15:13.224,1.70899,1.70912,1.95,3.38
2014.02.28 19:15:14.535,1.70899,1.70912,1.95,1.75
2014.02.28 19:15:14.688,1.70899,1.70912,1.95,1.50
2014.02.28 19:15:14.918,1.70899,1.70912,1.95,1.75
2014.02.28 19:15:16.662,1.70899,1.70911,1.20,1.50
2014.02.28 19:15:17.254,1.70897,1.70911,2.03,1.13
2014.02.28 19:15:20.172,1.70897,1.70911,2.03,1.50
2014.02.28 19:15:24.122,1.70897,1.70911,2.03,1.50
2014.02.28 19:15:30.644,1.70897,1.70911,2.03,3.00
2014.02.28 19:15:38.395,1.70899,1.70911,1.48,1.50
2014.02.28 19:15:49.215,1.70899,1.70911,1.95,1.00
2014.02.28 19:16:01.875,1.70899,1.70911,1.48,1.50
2014.02.28 19:16:07.859,1.70899,1.7091,1.95,1.00
2014.02.28 19:16:08.365,1.70899,1.70909,1.50,1.00
2014.02.28 19:16:09.603,1.70899,1.7091,2.25,1.50
2014.02.28 19:16:10.142,1.70899,1.7091,2.63,1.00
2014.02.28 19:16:17.411,1.70899,1.70911,2.63,1.50
2014.02.28 19:16:17.716,1.70912,1.70916,1.00,1.00
2014.02.28 19:16:17.767,1.70914,1.70924,1.15,1.13
2014.02.28 19:16:17.818,1.70917,1.70927,1.20,1.38
2014.02.28 19:16:17.869,1.70916,1.7092,1.50,1.50
2014.02.28 19:16:17.971,1.70923,1.70931,1.13,1.00
2014.02.28 19:16:18.072,1.70925,1.70939,1.65,1.13
2014.02.28 19:16:18.125,1.70932,1.70939,1.00,1.00
2014.02.28 19:16:18.277,1.70934,1.70945,1.00,1.13
2014.02.28 19:16:18.428,1.70934,1.70945,1.00,1.28
2014.02.28 19:16:18.580,1.70934,1.70945,1.00,1.88
2014.02.28 19:16:18.884,1.70934,1.70943,1.00,1.00
2014.02.28 19:16:18.985,1.70934,1.70945,1.00,2.63
2014.02.28 19:16:19.745,1.70934,1.70946,1.00,1.00
2014.02.28 19:16:20.184,1.70934,1.70943,1.00,1.00
2014.02.28 19:16:20.866,1.70934,1.70943,1.18,1.00
2014.02.28 19:16:20.967,1.70936,1.70946,1.00,1.00
2014.02.28 19:16:21.018,1.70939,1.70946,1.00,1.00
2014.02.28 19:16:21.119,1.70934,1.70946,1.13,1.00
2014.02.28 19:16:21.171,1.70934,1.70943,1.13,1.00
2014.02.28 19:16:21.498,1.70939,1.70947,1.00,1.00
2014.02.28 19:16:22.073,1.70937,1.70947,1.00,1.00
2014.02.28 19:16:22.331,1.70939,1.70947,1.00,1.00
2014.02.28 19:16:22.836,1.70939,1.70948,1.00,1.00
2014.02.28 19:16:23.150,1.70939,1.70944,1.00,1.00
2014.02.28 19:16:23.201,1.70936,1.70944,1.00,1.00
2014.02.28 19:16:28.215,1.70936,1.70947,1.00,1.00
2014.02.28 19:16:28.788,1.70936,1.70948,1.00,1.00
2014.02.28 19:16:29.406,1.70936,1.70947,1.00,1.00
2014.02.28 19:16:38.863,1.70937,1.70947,1.00,1.00
2014.02.28 19:16:38.964,1.70937,1.7095,1.50,2.63
2014.02.28 19:16:39.015,1.70937,1.70947,1.00,1.00
2014.02.28 19:16:39.574,1.70937,1.7095,1.50,2.63
2014.02.28 19:16:40.872,1.70937,1.70948,1.00,1.00
2014.02.28 19:16:41.579,1.70937,1.70945,1.00,1.00
2014.02.28 19:16:41.865,1.70937,1.70948,1.00,1.00
2014.02.28 19:16:41.966,1.70937,1.70945,1.00,1.00
2014.02.28 19:16:46.470,1.70936,1.70945,1.00,1.00
2014.02.28 19:16:47.102,1.70935,1.70945,1.13,1.00
2014.02.28 19:16:52.730,1.70936,1.70948,1.00,1.88
2014.02.28 19:16:53.084,1.70934,1.70945,1.00,1.00
2014.02.28 19:16:57.493,1.70934,1.70947,1.00,3.00
2014.02.28 19:16:57.544,1.70934,1.70945,1.00,1.88
2014.02.28 19:16:58.252,1.70934,1.70944,1.00,2.63
2014.02.28 19:16:58.797,1.70934,1.70939,1.00,1.00
2014.02.28 19:17:02.202,1.70929,1.70939,1.13,1.00
2014.02.28 19:17:02.406,1.70929,1.70937,1.00,1.00
2014.02.28 19:17:02.558,1.70925,1.70937,1.13,2.63
2014.02.28 19:17:02.710,1.70924,1.70935,2.25,1.88
2014.02.28 19:17:03.542,1.70924,1.70934,1.88,1.00
2014.02.28 19:17:04.038,1.70924,1.70932,1.00,1.88
2014.02.28 19:17:04.562,1.70924,1.70931,1.00,1.00
2014.02.28 19:17:07.101,1.70919,1.70929,1.00,1.88
2014.02.28 19:17:07.202,1.70917,1.70927,1.10,1.88
2014.02.28 19:17:07.303,1.70914,1.70927,1.50,3.00
2014.02.28 19:17:07.354,1.70915,1.70927,1.38,3.00
2014.02.28 19:17:07.607,1.70914,1.70927,2.03,1.00
2014.02.28 19:17:07.658,1.70919,1.70927,1.00,1.00
2014.02.28 19:17:08.163,1.7092,1.70926,1.00,1.00
2014.02.28 19:17:08.696,1.70919,1.70926,1.00,1.00
2014.02.28 19:17:08.847,1.70917,1.70926,1.10,1.00
2014.02.28 19:17:09.560,1.70919,1.70926,1.00,1.00
2014.02.28 19:17:09.762,1.70919,1.70928,1.00,2.25
2014.02.28 19:17:10.369,1.70919,1.70929,1.00,3.00
2014.02.28 19:17:11.136,1.70919,1.70929,1.65,1.00
2014.02.28 19:17:11.291,1.70919,1.70931,1.65,1.50
2014.02.28 19:17:11.623,1.70924,1.70931,1.00,1.00
2014.02.28 19:17:11.825,1.70924,1.70933,1.10,1.00
2014.02.28 19:17:12.129,1.70919,1.70933,2.03,1.88
2014.02.28 19:17:13.512,1.70922,1.70933,1.00,1.88
2014.02.28 19:17:13.665,1.70924,1.70933,1.00,1.13
2014.02.28 19:17:14.223,1.70929,1.70933,1.00,1.00
2014.02.28 19:17:14.527,1.70934,1.70944,1.00,1.00
2014.02.28 19:17:14.578,1.70934,1.70944,1.00,1.00
2014.02.28 19:17:15.348,1.70934,1.70944,1.50,1.50
2014.02.28 19:17:15.400,1.70931,1.70938,1.65,1.88
2014.02.28 19:17:15.502,1.70929,1.70938,2.33,1.13
2014.02.28 19:17:15.754,1.70924,1.70938,1.95,3.75
2014.02.28 19:17:15.805,1.70927,1.70938,1.00,3.75
2014.02.28 19:17:16.123,1.70929,1.70938,1.00,1.88
2014.02.28 19:17:16.653,1.70927,1.70939,1.00,1.13
2014.02.28 19:17:16.754,1.70929,1.7094,1.50,1.00
2014.02.28 19:17:17.057,1.7093,1.70941,1.18,3.00
2014.02.28 19:17:18.173,1.7093,1.70941,1.18,3.00
2014.02.28 19:17:18.376,1.70927,1.70935,1.00,1.88
2014.02.28 19:17:19.098,1.70924,1.70936,1.28,2.63
2014.02.28 19:17:19.339,1.70925,1.70936,1.20,2.63
2014.02.28 19:17:19.541,1.70927,1.70941,2.03,1.50
2014.02.28 19:17:19.642,1.70932,1.70936,1.00,1.88
2014.02.28 19:17:19.744,1.70929,1.70937,1.08,1.88
2014.02.28 19:17:19.946,1.70926,1.70937,1.00,2.25
2014.02.28 19:17:20.249,1.70926,1.70935,1.00,1.88
2014.02.28 19:17:22.174,1.70926,1.70934,1.00,1.00
2014.02.28 19:17:23.683,1.70926,1.70933,1.00,1.88
2014.02.28 19:17:23.784,1.70924,1.70934,1.13,1.00
2014.02.28 19:17:25.220,1.70926,1.70934,1.00,1.00
2014.02.28 19:17:26.981,1.70926,1.70937,1.00,1.50
2014.02.28 19:17:29.200,1.70929,1.70937,1.00,1.00
2014.02.28 19:17:29.352,1.70929,1.7094,1.88,1.00
2014.02.28 19:17:29.727,1.70931,1.70941,1.00,1.00
2014.02.28 19:17:32.182,1.70929,1.70941,1.50,1.38
2014.02.28 19:17:32.233,1.70926,1.70933,1.13,1.00
2014.02.28 19:17:33.709,1.70928,1.70932,1.00,1.00
2014.02.28 19:17:33.810,1.70925,1.70932,1.00,1.00
2014.02.28 19:17:48.956,1.70925,1.70933,1.00,1.00
2014.02.28 19:17:49.617,1.70925,1.70934,1.00,1.00
2014.02.28 19:17:49.768,1.70929,1.70935,1.00,1.00
2014.02.28 19:17:49.870,1.70929,1.70937,1.00,1.50
2014.02.28 19:17:50.471,1.7093,1.70937,1.00,1.00
2014.02.28 19:17:52.293,1.7093,1.70939,1.00,1.00
2014.02.28 19:17:53.077,1.7093,1.70939,1.28,1.00
2014.02.28 19:17:54.500,1.7093,1.70939,1.13,1.00
2014.02.28 19:17:55.055,1.70928,1.70939,1.50,3.00
2014.02.28 19:17:55.307,1.70925,1.70934,1.00,1.00
2014.02.28 19:18:00.102,1.70925,1.70932,1.00,1.00
2014.02.28 19:18:06.523,1.70925,1.70933,1.00,1.00
2014.02.28 19:18:08.930,1.70925,1.70935,1.00,1.00
2014.02.28 19:18:12.877,1.70929,1.70935,1.00,1.00
2014.02.28 19:18:13.029,1.70929,1.7094,2.63,1.00
2014.02.28 19:18:13.130,1.70929,1.7094,3.08,1.00
2014.02.28 19:18:13.181,1.70929,1.70942,1.38,1.00
2014.02.28 19:18:13.232,1.7093,1.70943,1.38,1.00
2014.02.28 19:18:13.283,1.70931,1.70943,1.20,1.00
2014.02.28 19:18:13.334,1.70931,1.70945,1.95,1.50
2014.02.28 19:18:13.435,1.70939,1.70945,1.00,1.50
2014.02.28 19:18:19.712,1.70939,1.70946,1.00,1.00
2014.02.28 19:18:20.217,1.70939,1.70947,1.00,1.00
2014.02.28 19:18:20.572,1.70943,1.7095,1.00,1.00
2014.02.28 19:18:21.238,1.70944,1.7095,1.00,1.00
2014.02.28 19:18:21.391,1.70948,1.70955,1.00,1.50
2014.02.28 19:18:21.506,1.70948,1.70957,1.00,1.00
2014.02.28 19:18:21.976,1.70948,1.70959,1.00,3.00
2014.02.28 19:18:22.231,1.70948,1.70953,1.00,1.00
2014.02.28 19:18:22.535,1.70942,1.70946,1.00,1.88
2014.02.28 19:18:22.586,1.70934,1.70947,1.13,1.00
2014.02.28 19:18:22.744,1.70934,1.70945,1.13,1.00
2014.02.28 19:18:23.445,1.70934,1.70946,1.00,1.88
2014.02.28 19:18:23.751,1.70932,1.70944,1.65,2.63
2014.02.28 19:18:25.304,1.70932,1.70943,1.65,1.00
2014.02.28 19:18:25.406,1.70932,1.70945,1.50,2.63
2014.02.28 19:18:25.507,1.70934,1.70945,1.00,2.63
2014.02.28 19:18:25.608,1.70932,1.70945,1.50,1.00
2014.02.28 19:18:26.225,1.70932,1.70946,2.25,3.38
2014.02.28 19:18:31.458,1.70934,1.70946,1.00,2.63
2014.02.28 19:18:31.559,1.70932,1.70945,2.25,1.88
2014.02.28 19:18:31.661,1.70932,1.70943,1.50,1.00
2014.02.28 19:18:32.468,1.70933,1.70943,1.00,1.00
2014.02.28 19:18:32.570,1.70933,1.70946,1.50,1.00
2014.02.28 19:18:32.722,1.70934,1.70948,1.00,1.58
2014.02.28 19:18:32.874,1.70936,1.70949,1.00,1.13
2014.02.28 19:18:33.341,1.70935,1.70945,1.00,1.00
2014.02.28 19:18:33.442,1.70932,1.70943,1.00,1.13
2014.02.28 19:18:33.493,1.70932,1.70941,1.00,1.00
2014.02.28 19:18:33.594,1.70926,1.70939,1.10,1.50
2014.02.28 19:18:33.998,1.7093,1.70941,1.00,1.00
2014.02.28 19:18:34.251,1.70934,1.70946,1.00,1.00
2014.02.28 19:18:34.756,1.70935,1.70944,1.00,1.00
2014.02.28 19:18:35.727,1.70935,1.70947,1.00,1.00
2014.02.28 19:18:36.580,1.70935,1.70944,1.00,1.00
2014.02.28 19:18:37.088,1.70934,1.70944,1.50,1.00
2014.02.28 19:18:37.747,1.70934,1.70942,1.00,1.00
2014.02.28 19:18:38.832,1.70933,1.70942,1.00,1.00
2014.02.28 19:18:39.147,1.70931,1.70939,1.00,1.00
2014.02.28 19:18:40.589,1.70931,1.70941,1.00,1.00
2014.02.28 19:18:40.691,1.70933,1.70944,1.00,1.00
2014.02.28 19:18:40.971,1.70933,1.70941,1.00,1.00
2014.02.28 19:18:41.174,1.70929,1.70942,1.88,1.10
2014.02.28 19:18:41.275,1.70932,1.70943,1.00,1.00
2014.02.28 19:18:42.308,1.70932,1.70945,1.00,1.88
2014.02.28 19:18:43.731,1.70932,1.70944,1.00,1.88
2014.02.28 19:18:45.554,1.70931,1.70942,1.13,1.00
2014.02.28 19:18:45.863,1.70933,1.70945,1.00,1.88
2014.02.28 19:18:47.873,1.70933,1.70946,1.00,3.00
2014.02.28 19:18:48.636,1.70933,1.70937,1.00,1.88
2014.02.28 19:18:48.889,1.7092,1.70929,1.00,1.13
2014.02.28 19:18:48.991,1.70918,1.70929,1.00,1.13
2014.02.28 19:18:52.204,1.70918,1.70931,1.58,1.38
2014.02.28 19:18:53.456,1.70918,1.70931,1.65,1.13
2014.02.28 19:18:53.557,1.7092,1.70934,4.28,1.00
2014.02.28 19:18:53.863,1.70929,1.70941,1.00,1.00
2014.02.28 19:18:54.166,1.70927,1.70938,1.00,1.13
2014.02.28 19:18:54.469,1.70922,1.70932,1.00,1.00
2014.02.28 19:18:54.781,1.70922,1.70933,1.00,2.25
2014.02.28 19:18:54.973,1.70924,1.70933,1.00,1.88
2014.02.28 19:18:55.075,1.70924,1.70937,1.95,1.00
2014.02.28 19:18:55.176,1.70928,1.70939,1.00,1.00
2014.02.28 19:18:55.450,1.7093,1.70939,1.00,1.00
2014.02.28 19:18:57.611,1.7093,1.70939,1.00,1.38
2014.02.28 19:18:57.865,1.70928,1.7094,1.18,1.13
2014.02.28 19:18:58.151,1.70928,1.7094,1.18,1.13
2014.02.28 19:18:58.253,1.70927,1.70938,1.50,1.48
2014.02.28 19:18:58.354,1.70925,1.70939,1.13,1.88
2014.02.28 19:18:58.405,1.70927,1.70939,1.38,1.13
2014.02.28 19:18:58.924,1.70929,1.70938,1.00,1.00
2014.02.28 19:19:00.493,1.70929,1.7094,1.88,1.00
2014.02.28 19:19:00.544,1.70929,1.7094,1.95,1.00
2014.02.28 19:19:00.797,1.70929,1.70943,2.78,1.00
2014.02.28 19:19:01.681,1.70929,1.70943,2.78,1.00
2014.02.28 19:19:01.835,1.70934,1.70947,1.13,1.00
2014.02.28 19:19:02.366,1.70935,1.70948,1.00,1.00
2014.02.28 19:19:03.642,1.70935,1.70946,1.00,1.13
2014.02.28 19:19:03.845,1.70931,1.70939,1.00,1.00
2014.02.28 19:19:03.946,1.70929,1.70941,1.00,2.63
2014.02.28 19:19:05.573,1.70929,1.70942,1.00,2.63
2014.02.28 19:19:05.825,1.70932,1.70942,1.00,1.00
2014.02.28 19:19:06.857,1.70932,1.70945,1.00,3.75
2014.02.28 19:19:12.843,1.70932,1.70943,1.00,1.88
2014.02.28 19:19:13.415,1.70932,1.70944,1.00,2.25
2014.02.28 19:19:15.312,1.70932,1.70944,1.20,1.88
2014.02.28 19:19:15.362,1.70936,1.70947,1.48,1.00
2014.02.28 19:19:15.616,1.70939,1.70951,1.00,1.00
2014.02.28 19:19:15.667,1.70939,1.70953,1.58,1.88
2014.02.28 19:19:16.231,1.70941,1.70954,1.00,2.63
2014.02.28 19:19:18.652,1.70941,1.70953,1.00,1.88
2014.02.28 19:19:19.918,1.70941,1.70949,1.00,1.88
2014.02.28 19:19:20.732,1.70941,1.7095,1.00,2.63
2014.02.28 19:19:23.960,1.70941,1.70949,1.00,1.88
2014.02.28 19:19:25.632,1.70939,1.7095,1.10,1.00
2014.02.28 19:19:25.683,1.70939,1.70952,1.55,2.63
2014.02.28 19:19:27.132,1.70939,1.70951,1.18,1.88
2014.02.28 19:19:27.436,1.70938,1.70945,1.00,2.25
2014.02.28 19:19:27.487,1.70934,1.70943,1.50,1.13
2014.02.28 19:19:27.537,1.70934,1.70943,1.00,1.38
2014.02.28 19:19:28.232,1.70929,1.70943,2.03,3.75
2014.02.28 19:19:28.299,1.70929,1.70943,1.18,3.75
2014.02.28 19:19:28.850,1.70929,1.70942,1.10,2.25
2014.02.28 19:19:29.719,1.70929,1.7094,1.00,1.00
2014.02.28 19:19:29.871,1.7093,1.70942,1.50,1.95
2014.02.28 19:19:29.973,1.70934,1.70944,1.00,1.00
2014.02.28 19:19:30.125,1.70934,1.70946,1.00,1.00
2014.02.28 19:19:30.277,1.7093,1.70944,3.75,1.50
2014.02.28 19:19:31.599,1.7093,1.70944,1.88,1.50
2014.02.28 19:19:32.158,1.7093,1.70944,2.03,3.38
2014.02.28 19:19:32.671,1.7093,1.70943,1.28,1.00
2014.02.28 19:19:33.381,1.7093,1.70943,2.40,1.00
2014.02.28 19:19:33.432,1.70931,1.70945,2.70,1.00
2014.02.28 19:19:33.483,1.70934,1.70945,2.63,1.00
2014.02.28 19:19:33.534,1.70944,1.70948,1.00,1.50
2014.02.28 19:19:33.585,1.70939,1.70948,1.50,1.00
2014.02.28 19:19:33.636,1.70939,1.70952,1.58,1.58
2014.02.28 19:19:33.890,1.70939,1.7095,1.00,1.00
2014.02.28 19:19:34.201,1.70935,1.70948,1.48,1.00
2014.02.28 19:19:39.003,1.70937,1.7095,1.00,1.50
2014.02.28 19:19:39.054,1.70939,1.7095,1.00,1.00
2014.02.28 19:19:39.384,1.70941,1.7095,1.00,1.00
2014.02.28 19:19:39.732,1.70939,1.7095,1.00,1.00
2014.02.28 19:19:41.672,1.7094,1.7095,1.00,1.00
2014.02.28 19:19:43.252,1.70943,1.7095,1.00,1.00
2014.02.28 19:19:43.522,1.70943,1.70953,1.00,1.00
2014.02.28 19:19:43.724,1.70944,1.70955,1.10,1.00
2014.02.28 19:19:43.775,1.70949,1.70955,1.00,1.00
2014.02.28 19:19:44.028,1.70946,1.70955,1.00,1.00
2014.02.28 19:19:44.682,1.70946,1.70956,1.00,3.00
2014.02.28 19:19:45.342,1.70944,1.70956,1.00,1.13
2014.02.28 19:19:46.299,1.70946,1.70956,1.00,1.13
2014.02.28 19:19:47.023,1.70946,1.70953,1.00,1.00
2014.02.28 19:19:47.175,1.70941,1.70953,1.38,1.00
2014.02.28 19:19:47.377,1.70944,1.70953,1.00,1.00
2014.02.28 19:19:47.529,1.70944,1.70955,1.00,1.00
2014.02.28 19:19:48.037,1.70944,1.70956,1.00,1.88
2014.02.28 19:19:49.652,1.70949,1.70956,1.00,3.75
2014.02.28 19:19:49.854,1.70949,1.70958,1.00,1.00
2014.02.28 19:19:50.718,1.70949,1.70956,1.00,1.00
2014.02.28 19:20:08.165,1.70947,1.70956,1.00,1.00
2014.02.28 19:20:08.690,1.70946,1.70956,1.10,1.00
2014.02.28 19:20:08.740,1.70948,1.70956,1.00,1.00
2014.02.28 19:20:11.188,1.70946,1.70956,1.10,1.00
2014.02.28 19:20:11.586,1.70947,1.70951,1.00,1.00
2014.02.28 19:20:11.688,1.70949,1.70956,1.00,1.00
2014.02.28 19:20:15.555,1.70949,1.70955,1.00,1.88
2014.02.28 19:20:17.380,1.70949,1.70954,1.00,1.88
2014.02.28 19:20:18.363,1.70949,1.70955,1.00,2.63
2014.02.28 19:20:36.060,1.70944,1.70955,1.00,1.00
2014.02.28 19:20:52.527,1.70944,1.70957,1.50,1.10
2014.02.28 19:20:58.453,1.70944,1.70954,1.00,1.00
2014.02.28 19:21:18.455,1.70945,1.70954,1.00,1.00
2014.02.28 19:21:18.506,1.70945,1.7096,1.50,3.38
2014.02.28 19:21:19.100,1.70945,1.7096,1.88,2.63
2014.02.28 19:21:21.242,1.70948,1.7096,1.00,1.13
2014.02.28 19:21:22.061,1.70949,1.7096,1.00,1.00
2014.02.28 19:21:22.465,1.70945,1.7096,3.00,3.38
2014.02.28 19:21:23.142,1.70945,1.70959,1.88,1.88
2014.02.28 19:21:23.715,1.70945,1.7096,1.88,3.38
2014.02.28 19:21:24.787,1.70945,1.70959,1.88,1.88
2014.02.28 19:21:25.301,1.70945,1.70956,1.50,1.88
2014.02.28 19:21:25.403,1.70945,1.70958,1.00,3.00
2014.02.28 19:21:31.745,1.70949,1.70958,1.00,1.00
2014.02.28 19:21:31.858,1.70945,1.70958,1.00,1.00
2014.02.28 19:21:37.156,1.70945,1.7096,1.58,4.13
2014.02.28 19:21:38.525,1.70945,1.7096,1.95,3.75
2014.02.28 19:21:40.465,1.70945,1.70955,1.20,1.00
2014.02.28 19:21:40.566,1.70946,1.7096,1.00,3.00
2014.02.28 19:21:42.301,1.70946,1.70959,1.00,1.88
2014.02.28 19:21:45.389,1.70946,1.7096,1.00,3.00
2014.02.28 19:21:45.643,1.70946,1.7096,1.60,1.00
2014.02.28 19:21:45.833,1.70951,1.70962,1.39,1.00
2014.02.28 19:21:45.884,1.70952,1.70964,1.38,1.13
2014.02.28 19:21:46.239,1.70954,1.70967,1.00,1.08
2014.02.28 19:21:46.291,1.70953,1.70967,1.00,1.08
2014.02.28 19:21:46.393,1.70959,1.70967,1.00,1.00
2014.02.28 19:21:46.696,1.70957,1.70968,1.00,3.83
2014.02.28 19:21:46.899,1.70957,1.70964,1.00,1.00
2014.02.28 19:21:47.000,1.70954,1.70964,1.60,1.10
2014.02.28 19:21:47.582,1.70954,1.70964,1.00,1.10
2014.02.28 19:21:48.242,1.70954,1.70961,1.00,1.00
2014.02.28 19:21:48.546,1.70954,1.70963,1.00,1.00
2014.02.28 19:21:53.208,1.70954,1.70964,1.00,1.00
2014.02.28 19:21:55.555,1.70956,1.70964,1.00,1.00
2014.02.28 19:21:56.062,1.70957,1.70964,1.00,1.00
2014.02.28 19:21:56.163,1.70954,1.70964,1.50,1.00
2014.02.28 19:21:56.815,1.70957,1.70964,1.00,1.00
2014.02.28 19:22:01.307,1.70957,1.70966,1.00,1.50
2014.02.28 19:22:01.357,1.70959,1.70966,1.00,1.50
2014.02.28 19:22:01.408,1.70959,1.70968,1.00,1.00
2014.02.28 19:22:01.712,1.70959,1.70966,1.00,1.13
2014.02.28 19:22:01.763,1.70954,1.70966,1.00,1.58
2014.02.28 19:22:01.814,1.70954,1.70965,1.00,3.15
2014.02.28 19:22:01.865,1.70952,1.70961,1.00,1.00
2014.02.28 19:22:01.915,1.70952,1.70961,1.00,1.38
2014.02.28 19:22:01.966,1.70949,1.70958,1.50,1.13
2014.02.28 19:22:03.512,1.70949,1.70959,1.50,1.13
2014.02.28 19:22:04.209,1.70949,1.70959,1.50,1.55
2014.02.28 19:22:15.070,1.70949,1.7096,1.50,3.08
2014.02.28 19:22:15.828,1.70949,1.7096,1.00,3.08
2014.02.28 19:22:42.773,1.70949,1.70956,1.00,1.88
2014.02.28 19:22:44.027,1.70949,1.70955,1.00,1.00
2014.02.28 19:22:59.828,1.70948,1.70955,1.00,1.00
2014.02.28 19:22:59.879,1.70946,1.70955,1.00,1.00
2014.02.28 19:23:00.031,1.70946,1.70953,1.00,1.00
2014.02.28 19:23:00.183,1.70944,1.70953,1.50,2.63
2014.02.28 19:23:00.233,1.70944,1.70951,1.00,1.00
2014.02.28 19:23:00.537,1.70937,1.70944,1.13,2.50
2014.02.28 19:23:01.588,1.70937,1.70943,1.13,1.00
2014.02.28 19:23:05.903,1.70936,1.70941,1.38,1.50
2014.02.28 19:23:06.758,1.70935,1.70941,1.00,1.88
2014.02.28 19:23:06.865,1.70935,1.70941,1.00,1.88
2014.02.28 19:23:18.684,1.7093,1.70941,1.75,1.50
2014.02.28 19:23:18.835,1.7093,1.70941,1.75,1.50
2014.02.28 19:23:18.929,1.7093,1.70941,1.00,1.50
2014.02.28 19:23:28.996,1.70934,1.70941,1.00,1.00
2014.02.28 19:23:29.613,1.70934,1.70941,1.38,1.00
2014.02.28 19:23:29.664,1.70936,1.70943,2.25,1.00
2014.02.28 19:23:29.766,1.70934,1.70945,3.75,1.00
2014.02.28 19:23:30.070,1.70934,1.70944,1.50,1.00
2014.02.28 19:23:30.663,1.70934,1.70944,2.03,1.00
2014.02.28 19:23:32.283,1.70939,1.70944,1.00,1.00
2014.02.28 19:23:34.982,1.70929,1.7094,1.10,1.00
2014.02.28 19:23:35.907,1.70929,1.7094,1.58,1.00
2014.02.28 19:23:40.798,1.70929,1.70938,1.00,1.00
2014.02.28 19:24:10.382,1.70934,1.70938,1.00,1.00
2014.02.28 19:24:10.895,1.70929,1.70938,1.13,1.00
2014.02.28 19:24:21.909,1.70929,1.70936,1.00,1.00
2014.02.28 19:24:22.680,1.70929,1.70938,1.50,1.00
2014.02.28 19:24:25.073,1.70929,1.70937,1.00,1.00
2014.02.28 19:24:37.970,1.70929,1.70938,1.00,1.00
2014.02.28 19:24:39.436,1.70929,1.70939,1.00,1.00
2014.02.28 19:24:40.452,1.70929,1.70938,1.00,1.00
2014.02.28 19:24:41.714,1.70929,1.70937,1.00,1.00
2014.02.28 19:24:41.917,1.70929,1.70935,1.00,1.00
2014.02.28 19:24:51.969,1.70929,1.70933,1.00,1.00
2014.02.28 19:24:52.071,1.70922,1.70929,1.08,1.00
2014.02.28 19:24:52.172,1.70917,1.70926,2.70,1.00
2014.02.28 19:24:52.223,1.70917,1.70926,2.25,1.00
2014.02.28 19:24:52.274,1.70919,1.70926,1.00,1.00
2014.02.28 19:24:53.054,1.70919,1.70928,1.00,1.00
2014.02.28 19:24:57.978,1.70924,1.70928,1.00,1.00
2014.02.28 19:24:58.481,1.70924,1.70929,1.00,1.00
2014.02.28 19:24:58.986,1.70924,1.7093,1.00,1.00
2014.02.28 19:25:01.950,1.70924,1.70931,1.00,1.00
2014.02.28 19:25:07.866,1.7092,1.70931,1.13,1.00
2014.02.28 19:25:08.155,1.7092,1.70933,1.13,2.63
2014.02.28 19:25:10.511,1.7092,1.70931,1.00,1.38
2014.02.28 19:25:10.815,1.70914,1.70921,1.00,1.00
2014.02.28 19:25:11.119,1.70914,1.70919,1.00,1.00
2014.02.28 19:25:11.422,1.70905,1.70916,1.00,1.00
2014.02.28 19:25:11.624,1.70904,1.70914,1.13,1.13
2014.02.28 19:25:12.212,1.70908,1.70914,1.00,1.13
2014.02.28 19:25:13.290,1.70906,1.70914,1.00,1.13
2014.02.28 19:25:13.492,1.70904,1.70914,1.50,1.13
2014.02.28 19:25:13.744,1.70904,1.70911,1.50,1.00
2014.02.28 19:25:13.846,1.70904,1.70915,1.50,1.38
2014.02.28 19:25:13.947,1.70904,1.70911,1.50,1.00
2014.02.28 19:25:14.249,1.70904,1.70911,1.00,3.00
2014.02.28 19:25:20.185,1.70904,1.70911,1.00,1.13
2014.02.28 19:25:24.942,1.70904,1.70909,1.00,1.00
2014.02.28 19:25:25.043,1.70904,1.70911,1.00,1.00
2014.02.28 19:25:25.576,1.70899,1.70911,1.95,1.13
2014.02.28 19:25:25.795,1.70904,1.70911,1.00,1.13
2014.02.28 19:25:26.159,1.70907,1.70914,1.00,1.13
2014.02.28 19:25:28.220,1.70909,1.70916,1.00,1.95
2014.02.28 19:25:28.372,1.70904,1.70916,1.00,1.58
2014.02.28 19:25:29.052,1.70904,1.70913,1.00,1.00
2014.02.28 19:25:30.009,1.70904,1.70916,1.50,1.13
2014.02.28 19:25:31.188,1.70904,1.70916,1.58,1.38
2014.02.28 19:25:41.886,1.70904,1.70916,1.00,2.63
2014.02.28 19:25:41.987,1.70909,1.70916,1.00,3.00
2014.02.28 19:25:46.125,1.70909,1.70916,1.00,1.88
2014.02.28 19:25:46.176,1.70904,1.70914,1.00,1.00
2014.02.28 19:25:46.378,1.70908,1.70915,1.00,1.38
2014.02.28 19:25:46.480,1.70909,1.70916,1.00,3.38
2014.02.28 19:25:58.747,1.70904,1.70916,1.00,1.50
2014.02.28 19:25:58.899,1.70909,1.70916,1.00,1.13
2014.02.28 19:25:59.052,1.70909,1.7092,1.00,1.00
2014.02.28 19:25:59.103,1.70909,1.70921,1.15,1.00
2014.02.28 19:25:59.630,1.70911,1.70923,1.18,1.50
2014.02.28 19:26:00.131,1.70911,1.70923,1.18,1.00
2014.02.28 19:26:01.715,1.70914,1.70923,1.00,1.00
2014.02.28 19:26:01.847,1.70911,1.70923,1.00,1.00
2014.02.28 19:26:05.674,1.70914,1.70923,1.00,1.00
2014.02.28 19:26:05.927,1.70911,1.70923,1.00,1.00
2014.02.28 19:26:06.215,1.70911,1.70923,1.00,2.25
2014.02.28 19:26:06.368,1.70909,1.70918,1.50,1.00
2014.02.28 19:26:07.164,1.70909,1.70916,1.00,1.13
2014.02.28 19:26:07.481,1.70909,1.70913,1.00,1.00
2014.02.28 19:26:09.342,1.70909,1.70916,1.00,2.70
2014.02.28 19:26:10.749,1.70909,1.70915,1.00,1.00
2014.02.28 19:26:11.315,1.70909,1.70913,1.00,1.13
2014.02.28 19:26:11.416,1.70901,1.70911,1.88,1.00
2014.02.28 19:26:11.467,1.70899,1.70911,1.00,1.13
2014.02.28 19:26:11.518,1.70899,1.70903,1.00,1.00
2014.02.28 19:26:11.619,1.70895,1.70902,1.00,1.00
2014.02.28 19:26:11.720,1.70894,1.70904,1.00,1.00
2014.02.28 19:26:11.771,1.70891,1.70904,1.00,1.00
2014.02.28 19:26:11.872,1.70894,1.70903,1.00,1.00
2014.02.28 19:26:12.075,1.70889,1.70903,1.50,1.00
2014.02.28 19:26:12.277,1.70889,1.70903,1.65,1.13
2014.02.28 19:26:12.482,1.70889,1.70903,1.58,1.00
2014.02.28 19:26:12.634,1.70894,1.70903,1.00,1.00
2014.02.28 19:26:13.159,1.70891,1.70901,1.65,1.00
2014.02.28 19:26:13.462,1.70894,1.70901,1.00,1.00
2014.02.28 19:26:14.290,1.70899,1.70903,1.00,1.00
2014.02.28 19:26:15.244,1.70894,1.70902,1.00,1.00
2014.02.28 19:26:18.463,1.70895,1.70904,1.00,1.00
2014.02.28 19:26:18.514,1.70895,1.70904,1.93,1.00
2014.02.28 19:26:18.565,1.70899,1.70909,1.38,1.00
2014.02.28 19:26:20.765,1.70899,1.7091,1.88,1.00
2014.02.28 19:26:25.083,1.70901,1.70911,1.00,1.50
2014.02.28 19:26:38.177,1.70901,1.70913,1.10,1.00
2014.02.28 19:26:39.259,1.70901,1.70913,1.48,1.00
2014.02.28 19:26:44.181,1.70901,1.70913,1.10,1.00
2014.02.28 19:26:49.486,1.70901,1.70912,1.20,1.00
2014.02.28 19:26:50.990,1.70901,1.70911,1.20,1.00
2014.02.28 19:26:54.885,1.70896,1.70908,1.48,1.00
2014.02.28 19:26:55.036,1.70894,1.70905,1.00,1.00
2014.02.28 19:27:00.201,1.70894,1.70905,1.08,1.13
2014.02.28 19:27:01.136,1.70899,1.70907,1.00,1.38
2014.02.28 19:27:01.288,1.70899,1.70908,1.08,1.00
2014.02.28 19:27:01.389,1.70898,1.70908,1.00,1.00
2014.02.28 19:27:02.046,1.70896,1.70909,1.55,1.00
2014.02.28 19:27:02.583,1.70896,1.70908,1.18,1.00
2014.02.28 19:27:04.574,1.70896,1.70908,1.55,1.00
2014.02.28 19:27:05.146,1.70896,1.70909,1.55,1.00
2014.02.28 19:27:05.668,1.70895,1.70909,1.15,1.00
2014.02.28 19:27:05.769,1.70895,1.70909,1.10,1.50
2014.02.28 19:27:05.870,1.70895,1.70906,1.10,1.00
2014.02.28 19:27:08.122,1.70894,1.70906,1.00,1.00
2014.02.28 19:27:10.255,1.70899,1.70906,1.00,1.50
2014.02.28 19:27:10.306,1.70899,1.70908,1.13,1.00
2014.02.28 19:27:10.458,1.70899,1.70909,1.20,1.00
2014.02.28 19:27:10.773,1.70901,1.70913,1.15,1.00
2014.02.28 19:27:19.076,1.70901,1.70914,2.03,1.50
2014.02.28 19:27:19.227,1.70901,1.70914,4.58,1.00
2014.02.28 19:27:19.749,1.70901,1.70914,4.58,1.00
2014.02.28 19:27:19.800,1.70901,1.70914,3.90,1.00
2014.02.28 19:27:26.082,1.70904,1.70914,3.83,1.00
2014.02.28 19:27:29.854,1.70908,1.70919,1.00,1.13
2014.02.28 19:27:29.956,1.70909,1.70922,1.00,1.50
2014.02.28 19:27:30.006,1.70914,1.70922,1.13,1.00
2014.02.28 19:27:30.310,1.70919,1.70931,2.33,1.00
2014.02.28 19:27:36.478,1.70919,1.70931,1.10,1.88
2014.02.28 19:27:36.580,1.70916,1.70927,1.00,2.25
2014.02.28 19:27:36.681,1.70914,1.70927,1.00,2.25
2014.02.28 19:27:37.193,1.70914,1.70925,1.00,1.00
2014.02.28 19:27:38.414,1.70919,1.70925,1.00,1.00
2014.02.28 19:27:38.465,1.70919,1.70927,1.00,1.00
2014.02.28 19:27:38.567,1.7092,1.7093,1.00,1.13
2014.02.28 19:27:39.187,1.7092,1.70931,1.00,1.00
2014.02.28 19:27:39.946,1.70924,1.70931,1.00,1.00
2014.02.28 19:27:39.997,1.70924,1.70934,1.00,1.50
2014.02.28 19:27:41.884,1.70924,1.70935,1.00,1.88
2014.02.28 19:27:42.391,1.70924,1.70936,1.00,1.50
2014.02.28 19:27:44.670,1.70925,1.70936,1.00,1.00
2014.02.28 19:27:44.721,1.70925,1.70939,1.00,1.50
2014.02.28 19:27:47.027,1.70929,1.70939,1.00,1.00
2014.02.28 19:27:55.932,1.70929,1.70939,1.00,3.00
2014.02.28 19:27:56.034,1.70926,1.70937,1.00,1.88
2014.02.28 19:27:56.596,1.70926,1.70938,1.00,2.25
2014.02.28 19:27:57.351,1.70926,1.70939,1.00,1.00
2014.02.28 19:28:00.347,1.70925,1.70939,1.50,2.63
2014.02.28 19:28:01.183,1.70925,1.70938,1.00,1.88
2014.02.28 19:28:03.330,1.70925,1.70937,1.00,1.88
2014.02.28 19:28:04.239,1.70925,1.70938,1.00,1.88
2014.02.28 19:28:05.518,1.70925,1.70939,1.00,2.63
2014.02.28 19:28:06.056,1.70925,1.70939,1.00,1.38
2014.02.28 19:28:06.613,1.70925,1.70939,1.00,1.00
2014.02.28 19:28:07.115,1.70926,1.70939,1.00,1.00
2014.02.28 19:28:14.261,1.70927,1.70939,1.00,1.00
2014.02.28 19:28:14.987,1.70927,1.70939,1.38,1.00
2014.02.28 19:28:15.240,1.70932,1.70941,1.00,1.00
2014.02.28 19:28:15.291,1.70929,1.70937,1.13,1.00
2014.02.28 19:28:15.493,1.7092,1.70933,1.53,1.50
2014.02.28 19:28:15.595,1.70919,1.70931,1.00,1.00
2014.02.28 19:28:16.119,1.70919,1.7093,1.00,1.00
2014.02.28 19:28:16.638,1.70919,1.70929,1.00,1.00
2014.02.28 19:28:17.573,1.70917,1.70929,1.53,1.00
2014.02.28 19:28:17.674,1.70928,1.70932,1.88,1.50
2014.02.28 19:28:17.776,1.70928,1.70934,2.03,1.00
2014.02.28 19:28:17.877,1.70934,1.70941,1.00,2.25
2014.02.28 19:28:18.029,1.70934,1.70938,1.00,1.00
2014.02.28 19:28:18.838,1.70934,1.70939,1.00,1.00
2014.02.28 19:28:19.152,1.70929,1.70939,1.20,1.00
2014.02.28 19:28:20.061,1.70939,1.70943,1.00,1.00
2014.02.28 19:28:20.213,1.70932,1.70944,3.45,1.00
2014.02.28 19:28:20.667,1.70939,1.70944,1.00,1.00
2014.02.28 19:28:21.249,1.70939,1.70943,1.00,1.00
2014.02.28 19:28:22.777,1.70934,1.70943,1.00,1.00
2014.02.28 19:28:22.878,1.7093,1.70943,2.78,1.00
2014.02.28 19:28:22.929,1.70929,1.70941,1.00,1.50
2014.02.28 19:28:23.080,1.70927,1.70941,1.20,1.88
2014.02.28 19:28:23.282,1.70929,1.7094,1.00,1.00
2014.02.28 19:28:24.204,1.70929,1.7094,1.00,1.38
2014.02.28 19:28:24.416,1.70926,1.70939,2.78,1.13
2014.02.28 19:28:24.926,1.70926,1.70939,1.18,1.38
2014.02.28 19:28:25.433,1.70926,1.70937,1.00,1.00
2014.02.28 19:28:25.635,1.70933,1.70938,1.00,1.00
2014.02.28 19:28:26.254,1.70934,1.70941,1.00,1.00
2014.02.28 19:28:28.477,1.70937,1.70943,1.00,1.00
2014.02.28 19:28:28.579,1.70934,1.70941,1.00,1.00
2014.02.28 19:28:28.731,1.70934,1.70941,1.38,1.00
2014.02.28 19:28:29.035,1.7094,1.70947,1.66,1.00
2014.02.28 19:28:29.086,1.70941,1.70949,1.21,1.00
2014.02.28 19:28:29.507,1.70941,1.70952,1.50,1.00
2014.02.28 19:28:29.760,1.70949,1.70955,1.00,1.00
2014.02.28 19:28:30.566,1.70944,1.70955,1.00,1.00
2014.02.28 19:28:30.718,1.70944,1.70952,1.00,1.13
2014.02.28 19:28:31.544,1.70944,1.70951,1.00,1.13
2014.02.28 19:28:33.672,1.70941,1.70952,1.15,1.50
2014.02.28 19:28:34.403,1.70949,1.70956,1.00,1.00
2014.02.28 19:28:34.504,1.70949,1.70959,1.00,1.00
2014.02.28 19:28:34.885,1.70949,1.70961,1.10,1.50
2014.02.28 19:28:37.467,1.70949,1.7096,1.10,1.00
2014.02.28 19:28:38.174,1.70949,1.70959,1.50,1.00
2014.02.28 19:28:38.853,1.70949,1.70958,1.00,1.88
2014.02.28 19:28:39.369,1.70947,1.70958,1.18,1.00
2014.02.28 19:28:39.871,1.70947,1.70958,1.00,1.00
2014.02.28 19:28:40.365,1.70947,1.70954,1.00,1.00
2014.02.28 19:28:40.567,1.70939,1.70951,1.13,1.00
2014.02.28 19:28:40.618,1.70939,1.70951,1.58,1.00
2014.02.28 19:28:40.921,1.70946,1.70958,1.53,1.00
2014.02.28 19:28:41.174,1.70946,1.70957,1.00,1.88
2014.02.28 19:28:41.763,1.70946,1.70958,1.00,1.00
2014.02.28 19:28:42.092,1.70953,1.70958,1.00,1.00
2014.02.28 19:28:42.194,1.70954,1.70961,1.00,1.00
2014.02.28 19:28:42.346,1.70948,1.70961,1.10,1.50
2014.02.28 19:28:42.499,1.70946,1.70958,1.48,1.00
2014.02.28 19:28:45.741,1.70946,1.70958,1.10,1.00
2014.02.28 19:28:46.045,1.70938,1.70948,1.00,1.00
2014.02.28 19:28:46.602,1.7094,1.70948,1.38,1.00
2014.02.28 19:28:46.855,1.70944,1.70949,1.00,1.00
2014.02.28 19:28:47.007,1.70944,1.70951,1.00,1.00
2014.02.28 19:28:47.530,1.70949,1.70955,1.00,1.00
2014.02.28 19:28:47.632,1.70949,1.70957,1.00,1.50
2014.02.28 19:28:51.606,1.70949,1.70955,1.00,1.00
2014.02.28 19:28:51.908,1.70944,1.70955,2.40,1.00
2014.02.28 19:28:52.110,1.70949,1.70955,1.00,1.00
2014.02.28 19:28:54.632,1.70954,1.70958,1.00,1.00
2014.02.28 19:28:55.162,1.70954,1.70958,1.00,1.00
2014.02.28 19:28:55.830,1.70954,1.70962,1.00,1.00
2014.02.28 19:28:55.881,1.70959,1.70963,1.00,1.00
2014.02.28 19:28:56.133,1.70959,1.70964,1.00,1.00
2014.02.28 19:28:57.533,1.70954,1.70966,1.50,1.00
2014.02.28 19:29:00.571,1.70959,1.70966,1.00,1.00
2014.02.28 19:29:02.112,1.70955,1.70966,1.00,1.00
2014.02.28 19:29:02.743,1.70956,1.70966,1.00,1.00
2014.02.28 19:29:03.988,1.70949,1.70959,1.15,1.38
2014.02.28 19:29:04.095,1.70949,1.7096,1.00,1.95
2014.02.28 19:29:04.248,1.70945,1.70959,1.00,1.53
2014.02.28 19:29:04.400,1.70945,1.70959,1.00,1.53
2014.02.28 19:29:05.006,1.70944,1.70957,1.50,1.38
2014.02.28 19:29:05.057,1.70944,1.70957,1.50,1.00
2014.02.28 19:29:06.183,1.70944,1.70956,1.50,1.88
2014.02.28 19:29:06.891,1.70944,1.70951,1.00,1.00
2014.02.28 19:29:11.492,1.70948,1.70955,1.00,2.25
2014.02.28 19:29:11.593,1.70943,1.70951,1.55,1.00
2014.02.28 19:29:11.644,1.70946,1.70951,1.00,1.00
2014.02.28 19:29:11.745,1.70945,1.70954,1.00,1.00
2014.02.28 19:29:11.796,1.70941,1.70954,1.00,2.63
2014.02.28 19:29:11.847,1.70941,1.70951,1.00,1.00
2014.02.28 19:29:14.322,1.70941,1.70951,1.54,1.00
2014.02.28 19:29:14.474,1.70949,1.70954,1.38,1.00
2014.02.28 19:29:14.576,1.70948,1.70957,2.25,1.00
2014.02.28 19:29:14.728,1.70947,1.70957,1.00,1.00
2014.02.28 19:29:14.829,1.70947,1.70961,1.00,1.88
2014.02.28 19:29:14.880,1.70949,1.70961,1.00,1.13
2014.02.28 19:29:16.389,1.70949,1.70961,1.00,1.38
2014.02.28 19:29:16.910,1.70949,1.70961,1.00,1.13
2014.02.28 19:29:17.713,1.7095,1.70961,1.00,1.13
2014.02.28 19:29:20.539,1.7095,1.70956,1.00,1.00
2014.02.28 19:29:21.394,1.70954,1.70962,1.00,1.50
2014.02.28 19:29:21.827,1.70954,1.70959,1.00,1.00
2014.02.28 19:29:21.980,1.70954,1.70962,1.00,1.00
2014.02.28 19:29:30.544,1.70954,1.7096,1.00,1.00
2014.02.28 19:29:30.645,1.70949,1.7096,1.20,1.00
2014.02.28 19:29:31.009,1.70949,1.70956,1.20,1.00
2014.02.28 19:29:32.959,1.70949,1.70962,1.20,1.38
2014.02.28 19:29:33.463,1.70949,1.70962,1.20,1.00
2014.02.28 19:29:36.541,1.70954,1.70962,1.00,1.00
2014.02.28 19:29:43.581,1.70951,1.70962,1.13,1.00
2014.02.28 19:29:47.871,1.70954,1.70962,1.00,1.00
2014.02.28 19:29:49.640,1.70951,1.70962,1.13,1.00
2014.02.28 19:29:49.741,1.70954,1.70962,1.00,1.00
2014.02.28 19:29:50.257,1.70954,1.70965,1.00,1.00
2014.02.28 19:29:50.807,1.70954,1.70964,1.00,1.00
2014.02.28 19:29:52.190,1.70954,1.70964,1.38,1.88
2014.02.28 19:29:52.443,1.70959,1.70967,1.00,1.00
2014.02.28 19:29:52.645,1.70954,1.70966,3.00,1.00
2014.02.28 19:29:53.149,1.70954,1.70965,3.00,1.00
2014.02.28 19:29:53.301,1.70954,1.70963,3.00,1.00
2014.02.28 19:29:53.859,1.70954,1.70964,3.00,1.00
2014.02.28 19:29:54.062,1.70954,1.70964,1.00,1.00
2014.02.28 19:29:55.841,1.70959,1.70964,1.00,1.00
2014.02.28 19:29:56.295,1.70959,1.70967,1.00,1.50
2014.02.28 19:29:56.598,1.70956,1.70966,2.25,1.00
2014.02.28 19:29:56.952,1.70955,1.70964,1.88,1.00
2014.02.28 19:29:58.842,1.70961,1.70968,1.09,1.00
2014.02.28 19:29:59.044,1.70967,1.70974,1.00,1.00
2014.02.28 19:29:59.095,1.70965,1.70974,1.88,1.00
2014.02.28 19:29:59.196,1.70964,1.70971,1.00,1.00
2014.02.28 19:29:59.650,1.70962,1.70972,2.25,1.50
2014.02.28 19:29:59.802,1.70959,1.70969,3.00,1.00
2014.02.28 19:30:00.183,1.70959,1.70969,2.63,1.00
2014.02.28 19:30:02.023,1.7096,1.70969,1.88,1.50
2014.02.28 19:30:03.026,1.70959,1.70969,1.00,1.00
2014.02.28 19:30:04.330,1.70959,1.70966,1.00,1.00
2014.02.28 19:30:07.892,1.70956,1.70966,1.00,1.00
2014.02.28 19:30:07.943,1.70954,1.70963,1.88,1.00
2014.02.28 19:30:09.106,1.70954,1.70963,1.50,1.00
2014.02.28 19:30:13.787,1.70951,1.70963,1.00,1.13
2014.02.28 19:30:15.334,1.70953,1.70963,1.13,2.63
2014.02.28 19:30:15.638,1.70961,1.70966,1.00,1.00
2014.02.28 19:30:16.143,1.70959,1.70967,1.00,1.00
2014.02.28 19:30:16.395,1.70959,1.70967,1.50,1.00
2014.02.28 19:30:16.546,1.70959,1.70965,1.00,1.00
2014.02.28 19:30:16.849,1.70959,1.70963,1.00,1.00
2014.02.28 19:30:17.153,1.70957,1.70963,1.00,1.00
2014.02.28 19:30:17.845,1.70956,1.70963,1.00,1.00
2014.02.28 19:30:17.946,1.70956,1.70968,1.00,1.00
2014.02.28 19:30:19.373,1.70956,1.70968,1.00,1.50
2014.02.28 19:30:20.171,1.70956,1.70968,1.00,1.13
2014.02.28 19:30:20.843,1.70956,1.70968,1.50,1.00
2014.02.28 19:30:20.893,1.70963,1.70968,1.00,1.00
2014.02.28 19:30:21.123,1.70959,1.70968,1.00,1.00
2014.02.28 19:30:21.337,1.70959,1.70971,1.00,1.00
2014.02.28 19:30:24.087,1.70959,1.70973,1.50,1.50
2014.02.28 19:30:24.831,1.70964,1.70973,1.00,1.50
2014.02.28 19:30:25.507,1.70964,1.70973,1.00,1.00
2014.02.28 19:30:26.591,1.7096,1.70973,1.88,1.00
2014.02.28 19:30:27.368,1.70959,1.70973,1.88,1.00
2014.02.28 19:30:34.741,1.70959,1.70973,1.00,1.38
2014.02.28 19:30:34.792,1.70959,1.70964,1.00,1.00
2014.02.28 19:30:35.095,1.70949,1.70962,4.95,1.00
2014.02.28 19:30:35.501,1.70949,1.70961,2.25,1.00
2014.02.28 19:30:37.245,1.70949,1.70961,3.38,1.00
2014.02.28 19:30:37.748,1.70949,1.70961,3.00,1.00
2014.02.28 19:30:39.285,1.7095,1.70961,1.38,1.00
2014.02.28 19:30:39.589,1.70964,1.7097,1.00,1.50
2014.02.28 19:30:40.115,1.70964,1.70971,1.00,1.00
2014.02.28 19:30:43.681,1.7096,1.70968,2.63,1.00
2014.02.28 19:30:44.471,1.70959,1.7097,1.48,1.00
2014.02.28 19:30:46.135,1.70959,1.70968,1.48,1.00
2014.02.28 19:30:47.003,1.70954,1.70968,1.38,2.33
2014.02.28 19:30:47.053,1.70953,1.70964,1.38,1.00
2014.02.28 19:30:47.104,1.70953,1.70964,1.00,1.00
2014.02.28 19:30:47.206,1.70949,1.70963,1.13,1.50
2014.02.28 19:30:47.257,1.70949,1.70959,1.13,1.00
2014.02.28 19:30:48.211,1.70949,1.70958,1.50,1.00
2014.02.28 19:30:49.821,1.70956,1.70965,1.38,3.60
2014.02.28 19:30:50.074,1.70959,1.70965,1.38,1.00
2014.02.28 19:30:50.125,1.70957,1.70963,1.88,1.13
2014.02.28 19:30:50.177,1.70954,1.70961,1.50,1.95
2014.02.28 19:30:50.228,1.70947,1.70956,1.75,1.00
2014.02.28 19:30:50.329,1.70946,1.70955,1.00,1.00
2014.02.28 19:30:50.380,1.70949,1.70955,1.00,1.00
2014.02.28 19:30:50.733,1.70949,1.70953,1.00,1.00
2014.02.28 19:30:50.835,1.70949,1.70956,1.00,1.00
2014.02.28 19:30:51.819,1.70949,1.70956,1.75,1.50
2014.02.28 19:30:52.072,1.70954,1.70961,1.00,1.00
2014.02.28 19:30:52.173,1.70954,1.70966,1.75,1.00
2014.02.28 19:30:52.224,1.70959,1.70966,1.00,1.00
2014.02.28 19:30:52.275,1.70959,1.70968,1.00,1.00
2014.02.28 19:30:52.376,1.70955,1.7097,1.50,1.88
2014.02.28 19:30:52.480,1.70954,1.70966,1.13,1.00
2014.02.28 19:30:52.783,1.70954,1.70963,1.38,1.00
2014.02.28 19:30:53.126,1.70954,1.70961,1.00,1.00
2014.02.28 19:30:53.689,1.70954,1.70964,1.00,1.50
2014.02.28 19:30:54.117,1.70954,1.7096,1.00,1.00
2014.02.28 19:30:54.432,1.70959,1.70964,1.38,1.00
2014.02.28 19:30:54.521,1.70959,1.70963,1.00,1.00
2014.02.28 19:30:54.572,1.70959,1.70966,1.38,1.00
2014.02.28 19:30:54.673,1.70964,1.70969,1.00,1.00
2014.02.28 19:30:54.977,1.70964,1.70971,1.00,1.00
2014.02.28 19:30:55.129,1.70964,1.70969,1.00,1.00
2014.02.28 19:31:00.181,1.70959,1.70969,1.00,1.00
2014.02.28 19:31:00.283,1.70959,1.70966,1.00,1.00
2014.02.28 19:31:01.766,1.70959,1.70965,1.00,1.00
2014.02.28 19:31:01.918,1.70954,1.70964,1.00,1.00
2014.02.28 19:31:01.968,1.70954,1.70961,1.00,1.00
2014.02.28 19:31:09.294,1.70954,1.7096,1.00,1.00
2014.02.28 19:31:11.615,1.70954,1.70958,1.00,1.00
2014.02.28 19:31:12.842,1.70954,1.70961,1.00,1.50
2014.02.28 19:31:16.438,1.70954,1.70961,1.38,1.00
2014.02.28 19:31:16.489,1.70956,1.70964,1.13,1.00
2014.02.28 19:31:16.618,1.70959,1.7097,1.38,1.00
2014.02.28 19:31:16.669,1.70964,1.7097,1.38,1.00
2014.02.28 19:31:16.720,1.7096,1.70967,1.38,1.00
2014.02.28 19:31:16.822,1.70964,1.70968,1.00,1.00
2014.02.28 19:31:16.923,1.70964,1.70971,1.00,1.00
2014.02.28 19:31:17.595,1.70964,1.70968,1.00,1.00
2014.02.28 19:31:24.921,1.70966,1.70971,1.38,1.50
2014.02.28 19:31:25.072,1.7097,1.70977,1.38,1.38
2014.02.28 19:31:25.123,1.70967,1.70973,1.13,1.00
2014.02.28 19:31:25.224,1.70961,1.70972,3.45,1.08
2014.02.28 19:31:25.275,1.70961,1.70969,1.00,1.00
2014.02.28 19:31:25.326,1.70959,1.70969,1.13,1.00
2014.02.28 19:31:25.377,1.70958,1.70965,1.38,1.00
2014.02.28 19:31:25.478,1.70964,1.70968,1.00,1.00
2014.02.28 19:31:30.549,1.70964,1.70969,1.00,1.00
2014.02.28 19:31:31.078,1.70964,1.70968,1.00,1.50
2014.02.28 19:31:32.028,1.70964,1.70968,1.00,1.50
2014.02.28 19:31:32.332,1.70967,1.70972,1.13,1.00
2014.02.28 19:31:32.383,1.70967,1.70972,2.63,1.00
2014.02.28 19:31:32.484,1.70965,1.70972,1.00,1.18
2014.02.28 19:31:32.636,1.70961,1.7097,1.38,1.00
2014.02.28 19:31:33.065,1.70964,1.7097,1.00,1.50
2014.02.28 19:31:34.632,1.70964,1.70969,1.00,1.00
2014.02.28 19:31:34.834,1.70959,1.70969,1.88,1.00
2014.02.28 19:31:35.340,1.70962,1.7097,2.25,1.00
2014.02.28 19:31:36.372,1.70962,1.70972,2.25,1.00
2014.02.28 19:31:36.924,1.70965,1.70973,1.88,1.00
2014.02.28 19:31:37.470,1.70965,1.70974,1.88,1.00
2014.02.28 19:31:37.571,1.70969,1.70974,1.00,1.00
2014.02.28 19:31:37.875,1.70963,1.70974,2.25,1.50
2014.02.28 19:31:38.179,1.70968,1.70976,1.38,1.10
2014.02.28 19:31:38.699,1.70969,1.70977,2.25,1.00
2014.02.28 19:31:39.862,1.70969,1.70977,3.38,1.00
2014.02.28 19:31:39.964,1.70969,1.70977,3.00,1.00
2014.02.28 19:31:42.782,1.70969,1.70976,1.00,1.00
2014.02.28 19:31:43.368,1.70969,1.70977,1.88,1.00
2014.02.28 19:31:43.570,1.70979,1.70984,1.00,1.50
2014.02.28 19:31:44.078,1.70979,1.70985,1.00,1.00
2014.02.28 19:31:53.580,1.70979,1.70986,1.10,1.00
2014.02.28 19:31:53.630,1.70977,1.70986,2.78,1.00
2014.02.28 19:31:53.934,1.70984,1.70992,1.38,1.38
2014.02.28 19:31:53.985,1.70989,1.70994,1.88,1.00
2014.02.28 19:31:54.086,1.70984,1.70993,1.38,1.00
2014.02.28 19:31:54.137,1.70984,1.70993,1.88,1.00
2014.02.28 19:31:54.440,1.70986,1.70992,1.38,1.00
2014.02.28 19:31:54.971,1.70985,1.70993,1.38,1.00
2014.02.28 19:31:55.072,1.70989,1.70993,1.00,1.00
2014.02.28 19:31:55.831,1.70984,1.70993,1.13,1.00
2014.02.28 19:31:55.933,1.70984,1.70991,1.00,2.25
2014.02.28 19:31:56.236,1.70974,1.70987,1.09,1.50
2014.02.28 19:31:56.388,1.70979,1.70986,1.00,1.00
2014.02.28 19:31:56.490,1.70979,1.70984,1.00,1.00
2014.02.28 19:31:56.952,1.70971,1.70982,3.00,1.00
2014.02.28 19:31:57.053,1.70974,1.70982,1.00,1.00
2014.02.28 19:31:57.663,1.70974,1.70982,1.00,1.65
2014.02.28 19:31:58.174,1.70974,1.70979,1.00,1.00
2014.02.28 19:31:58.514,1.70965,1.70979,3.38,1.00
2014.02.28 19:31:58.569,1.70968,1.70979,1.50,1.00
2014.02.28 19:31:58.623,1.70974,1.70979,1.00,1.00
2014.02.28 19:31:58.775,1.70969,1.70978,2.63,1.00
2014.02.28 19:31:58.825,1.70969,1.70976,1.00,1.00
2014.02.28 19:32:01.400,1.70973,1.70979,1.00,1.10
2014.02.28 19:32:03.142,1.70966,1.70976,2.25,1.00
2014.02.28 19:32:03.244,1.70974,1.70979,1.00,1.00
2014.02.28 19:32:03.396,1.70971,1.70979,2.25,1.00
2014.02.28 19:32:07.684,1.70969,1.70979,1.00,1.50
2014.02.28 19:32:07.735,1.70969,1.70976,1.00,1.00
2014.02.28 19:32:08.089,1.7097,1.70976,1.38,1.50
2014.02.28 19:32:14.306,1.70974,1.70978,1.00,1.50
2014.02.28 19:32:15.212,1.70968,1.70977,1.88,1.00
2014.02.28 19:32:15.481,1.70969,1.70977,1.13,1.00
2014.02.28 19:32:17.100,1.70974,1.70979,1.38,1.00
2014.02.28 19:32:17.303,1.70974,1.7098,2.25,1.00
2014.02.28 19:32:17.405,1.70974,1.70982,1.38,1.00
2014.02.28 19:32:17.607,1.70979,1.70985,1.00,1.00
2014.02.28 19:32:17.659,1.70973,1.70984,1.95,1.50
2014.02.28 19:32:17.710,1.70977,1.70984,1.88,1.58
2014.02.28 19:32:17.772,1.70971,1.7098,2.25,1.00
2014.02.28 19:32:18.277,1.70971,1.70979,1.88,1.00
2014.02.28 19:32:19.644,1.7097,1.70979,1.88,1.00
2014.02.28 19:32:20.789,1.7097,1.70979,2.25,1.00
2014.02.28 19:32:21.093,1.70975,1.70984,1.88,1.00
2014.02.28 19:32:23.848,1.70978,1.70984,1.88,1.00
2014.02.28 19:32:24.051,1.70976,1.70984,1.88,1.00
2014.02.28 19:32:24.152,1.70979,1.70984,1.00,1.00
2014.02.28 19:32:24.404,1.70974,1.70984,1.88,1.00
2014.02.28 19:32:24.455,1.70974,1.70981,1.88,1.00
2014.02.28 19:32:24.758,1.70969,1.70978,1.38,1.00
2014.02.28 19:32:25.075,1.70969,1.70978,1.00,1.50
2014.02.28 19:32:25.176,1.70967,1.70975,1.88,1.00
2014.02.28 19:32:25.704,1.70966,1.70975,1.88,1.50
2014.02.28 19:32:26.277,1.70967,1.70975,1.88,1.50
2014.02.28 19:32:27.037,1.70966,1.70975,1.88,1.50
2014.02.28 19:32:27.910,1.70969,1.70975,1.00,1.50
2014.02.28 19:32:32.946,1.70969,1.70978,1.00,1.00
2014.02.28 19:32:33.048,1.70969,1.70976,2.63,1.00
2014.02.28 19:32:40.527,1.70968,1.70976,1.88,1.00
2014.02.28 19:32:40.830,1.70966,1.70974,2.25,1.00
2014.02.28 19:32:42.153,1.70965,1.70976,2.63,1.50
2014.02.28 19:32:42.254,1.70965,1.70974,2.25,1.00
2014.02.28 19:32:42.714,1.70968,1.70976,1.88,1.00
2014.02.28 19:32:44.080,1.70969,1.70976,1.88,1.00
2014.02.28 19:32:44.401,1.70974,1.70979,1.00,1.58
2014.02.28 19:32:44.603,1.70974,1.70982,1.00,1.00
2014.02.28 19:32:44.806,1.70974,1.70984,2.63,1.50
2014.02.28 19:32:45.874,1.70975,1.70984,1.88,1.00
2014.02.28 19:32:47.226,1.70974,1.70984,2.63,1.00
2014.02.28 19:32:52.535,1.70974,1.70984,3.00,1.00
2014.02.28 19:32:52.637,1.70979,1.70984,1.00,1.00
2014.02.28 19:32:53.500,1.70979,1.70985,1.00,1.00
2014.02.28 19:32:54.612,1.70979,1.70984,1.00,1.00
2014.02.28 19:32:58.066,1.70978,1.70984,1.00,2.63
2014.02.28 19:32:58.168,1.70969,1.70982,2.33,1.00
2014.02.28 19:32:58.219,1.70969,1.70978,1.00,1.00
2014.02.28 19:32:58.522,1.70976,1.70982,2.25,1.00
2014.02.28 19:32:58.573,1.70976,1.70984,2.25,1.00
2014.02.28 19:32:58.675,1.70972,1.70982,2.03,1.00
2014.02.28 19:32:58.980,1.70974,1.7098,1.00,1.00
2014.02.28 19:32:59.081,1.70969,1.7098,1.13,1.00
2014.02.28 19:33:00.032,1.70969,1.70978,1.00,1.00
2014.02.28 19:33:00.547,1.70969,1.70977,1.00,1.00
2014.02.28 19:33:01.124,1.70967,1.70977,1.00,1.00
2014.02.28 19:33:01.634,1.70965,1.70977,1.38,1.00
2014.02.28 19:33:02.849,1.70965,1.70974,3.00,1.00
2014.02.28 19:33:05.082,1.70969,1.70974,1.00,1.00
2014.02.28 19:33:05.284,1.70969,1.7098,1.00,1.38
2014.02.28 19:33:05.436,1.70974,1.7098,1.00,1.00
2014.02.28 19:33:05.638,1.70969,1.7098,3.00,1.00
2014.02.28 19:33:05.689,1.70969,1.70977,3.00,1.00
2014.02.28 19:33:09.339,1.70969,1.70982,1.38,1.65
2014.02.28 19:33:09.543,1.70979,1.70984,1.88,1.00
2014.02.28 19:33:09.644,1.70978,1.70988,1.88,1.00
2014.02.28 19:33:09.795,1.70984,1.70988,1.00,1.50
2014.02.28 19:33:10.099,1.70977,1.70985,2.25,1.00
2014.02.28 19:33:10.585,1.70979,1.70985,1.00,1.00
2014.02.28 19:33:10.975,1.70979,1.70985,1.38,1.00
2014.02.28 19:33:11.278,1.70985,1.70991,1.38,1.00
2014.02.28 19:33:13.888,1.70984,1.70991,2.63,1.00
2014.02.28 19:33:14.091,1.70981,1.70991,2.63,1.50
2014.02.28 19:33:14.141,1.70981,1.70989,2.25,1.00
2014.02.28 19:33:14.445,1.7098,1.70986,1.88,1.00
2014.02.28 19:33:14.648,1.7098,1.70986,1.88,1.00
2014.02.28 19:33:15.225,1.70979,1.70986,1.00,1.00
2014.02.28 19:33:18.361,1.70979,1.70983,1.00,1.00
2014.02.28 19:33:18.412,1.70974,1.70983,1.38,1.50
2014.02.28 19:33:18.463,1.70974,1.70981,1.38,1.00
2014.02.28 19:33:19.011,1.70974,1.7098,2.63,1.00
2014.02.28 19:33:19.164,1.70968,1.70978,1.95,1.00
2014.02.28 19:33:19.317,1.70965,1.70977,2.25,1.00
2014.02.28 19:33:19.570,1.70965,1.70974,2.25,1.00
2014.02.28 19:33:20.085,1.70965,1.70978,2.25,1.58
2014.02.28 19:33:21.148,1.70969,1.70978,1.00,1.10
2014.02.28 19:33:21.249,1.70969,1.7098,1.00,1.00
2014.02.28 19:33:22.013,1.70969,1.70981,1.00,1.10
2014.02.28 19:33:22.574,1.70967,1.70981,2.63,1.58
2014.02.28 19:33:22.624,1.70967,1.70979,2.63,1.15
2014.02.28 19:33:22.777,1.70964,1.70979,3.75,2.03
2014.02.28 19:33:22.929,1.70969,1.70976,1.00,1.00
2014.02.28 19:33:27.168,1.70969,1.70974,1.00,1.00
2014.02.28 19:33:40.099,1.70961,1.70974,1.55,1.00
2014.02.28 19:33:40.200,1.7096,1.70974,1.15,1.50
2014.02.28 19:33:40.251,1.70959,1.70969,1.58,1.00
2014.02.28 19:33:40.331,1.70959,1.70969,1.50,1.00
2014.02.28 19:33:40.840,1.70959,1.70967,1.00,1.00
2014.02.28 19:33:41.401,1.70959,1.70966,1.00,1.00
2014.02.28 19:33:51.792,1.70959,1.70966,1.00,1.00
2014.02.28 19:33:52.095,1.70968,1.70973,1.00,1.00
2014.02.28 19:33:55.395,1.70969,1.70976,1.00,1.58
2014.02.28 19:34:06.980,1.70969,1.70978,1.00,1.00
2014.02.28 19:34:15.773,1.70969,1.70977,1.00,1.00
2014.02.28 19:34:16.313,1.70969,1.70978,2.63,1.00
2014.02.28 19:34:16.831,1.7097,1.70978,1.88,1.00
2014.02.28 19:34:18.524,1.70971,1.70978,1.88,1.00
2014.02.28 19:34:18.575,1.70974,1.70978,1.00,1.00
2014.02.28 19:34:18.626,1.70974,1.7098,1.00,1.00
2014.02.28 19:34:19.622,1.70974,1.70981,2.63,1.00
2014.02.28 19:34:19.724,1.70974,1.70983,2.63,1.00
2014.02.28 19:34:19.825,1.70974,1.70981,1.00,1.00
2014.02.28 19:34:20.535,1.70974,1.7098,1.00,1.00
2014.02.28 19:34:20.839,1.70979,1.70983,1.00,1.00
2014.02.28 19:34:20.940,1.70979,1.70983,1.00,1.00
2014.02.28 19:34:22.155,1.70979,1.70984,1.00,1.50
2014.02.28 19:34:22.566,1.70979,1.70986,1.00,1.00
2014.02.28 19:34:22.667,1.70976,1.70986,2.25,1.00
2014.02.28 19:34:22.970,1.70979,1.70987,1.00,1.00
2014.02.28 19:34:23.659,1.70984,1.70988,1.00,1.00
2014.02.28 19:34:31.646,1.70976,1.70986,1.88,1.00
2014.02.28 19:34:31.798,1.70979,1.70984,1.00,1.00
2014.02.28 19:34:32.000,1.70974,1.70984,1.38,1.00
2014.02.28 19:34:37.038,1.70976,1.70984,1.38,1.00
2014.02.28 19:34:37.290,1.70979,1.70987,1.38,1.00
2014.02.28 19:34:37.341,1.70979,1.7099,1.38,1.00
2014.02.28 19:34:37.392,1.70977,1.7099,2.33,1.38
2014.02.28 19:34:37.443,1.70977,1.70991,1.00,4.28
2014.02.28 19:34:37.493,1.70977,1.70985,1.00,1.00
2014.02.28 19:34:37.544,1.70974,1.70983,1.50,1.00
2014.02.28 19:34:38.010,1.70974,1.70985,1.50,1.00
2014.02.28 19:34:38.779,1.70974,1.70983,1.13,1.00
2014.02.28 19:34:40.326,1.70974,1.70983,1.88,1.00
2014.02.28 19:34:40.579,1.70978,1.70987,3.00,1.00
2014.02.28 19:34:40.681,1.70977,1.70987,1.00,1.50
2014.02.28 19:34:40.782,1.70976,1.70983,1.00,1.00
2014.02.28 19:34:40.833,1.70974,1.70982,1.00,1.00
2014.02.28 19:34:40.985,1.70974,1.70978,1.00,1.00
2014.02.28 19:34:41.036,1.70969,1.70978,1.13,1.18
2014.02.28 19:34:41.238,1.70964,1.70977,1.50,2.33
2014.02.28 19:34:41.289,1.70964,1.70972,1.00,1.50
2014.02.28 19:34:41.340,1.70962,1.70972,1.00,1.50
2014.02.28 19:34:41.390,1.70959,1.70968,3.00,1.00
2014.02.28 19:34:42.001,1.70954,1.70967,2.33,1.00
2014.02.28 19:34:42.154,1.70954,1.70965,1.38,1.00
2014.02.28 19:34:42.487,1.70954,1.70963,1.38,1.00
2014.02.28 19:34:43.639,1.70954,1.70963,1.38,1.00
2014.02.28 19:34:43.942,1.70964,1.70971,1.00,1.00
2014.02.28 19:34:44.346,1.70964,1.70973,1.00,1.00
2014.02.28 19:34:44.447,1.70964,1.70968,1.00,1.00
2014.02.28 19:34:44.549,1.70959,1.70966,1.50,1.00
2014.02.28 19:34:44.650,1.70959,1.70964,1.00,1.00
2014.02.28 19:34:44.701,1.70954,1.70963,1.00,1.00
2014.02.28 19:34:44.802,1.70954,1.70961,1.00,1.50
2014.02.28 19:34:45.055,1.70954,1.70963,1.00,1.00
2014.02.28 19:34:47.048,1.70954,1.70963,1.00,1.00
2014.02.28 19:34:47.351,1.7096,1.7097,1.75,1.00
2014.02.28 19:34:47.402,1.70964,1.7097,1.00,1.00
2014.02.28 19:34:47.906,1.70964,1.70971,1.00,1.00
2014.02.28 19:34:50.147,1.70963,1.70971,1.38,1.00
2014.02.28 19:34:52.627,1.70964,1.70974,1.38,1.00
2014.02.28 19:34:59.403,1.70969,1.70974,1.00,1.00
2014.02.28 19:34:59.453,1.70963,1.70974,1.00,1.38
2014.02.28 19:34:59.605,1.70959,1.70971,1.50,3.53
2014.02.28 19:34:59.656,1.70961,1.70969,1.00,2.33
2014.02.28 19:34:59.959,1.70954,1.70961,1.00,1.00
2014.02.28 19:35:01.353,1.70959,1.70966,1.00,1.10
2014.02.28 19:35:01.404,1.70959,1.70963,1.00,1.00
2014.02.28 19:35:01.889,1.70959,1.70967,1.75,1.00
2014.02.28 19:35:02.193,1.70964,1.70972,1.13,1.00
2014.02.28 19:35:04.136,1.70964,1.70972,1.38,1.00
2014.02.28 19:35:04.187,1.70964,1.70972,1.00,1.00
2014.02.28 19:35:04.339,1.70959,1.70972,1.50,1.18
2014.02.28 19:35:04.390,1.70959,1.70968,1.50,1.00
2014.02.28 19:35:04.648,1.70954,1.70965,1.00,1.50
2014.02.28 19:35:04.699,1.70954,1.70962,1.00,1.00
2014.02.28 19:35:06.185,1.70956,1.70965,2.63,1.10
2014.02.28 19:35:06.286,1.70958,1.70965,1.38,1.00
2014.02.28 19:35:06.337,1.70958,1.70965,1.50,1.00
2014.02.28 19:35:06.388,1.70964,1.70972,1.38,1.00
2014.02.28 19:35:06.540,1.70964,1.70968,1.00,1.00
2014.02.28 19:35:06.642,1.70963,1.70968,1.38,1.00
2014.02.28 19:35:06.894,1.70964,1.70968,1.00,1.00
2014.02.28 19:35:07.097,1.70959,1.70968,1.00,1.00
2014.02.28 19:35:07.199,1.70955,1.70966,1.38,1.88
2014.02.28 19:35:07.300,1.70954,1.70964,1.13,2.63
2014.02.28 19:35:07.351,1.70954,1.70959,1.13,1.00
2014.02.28 19:35:08.097,1.7095,1.70959,1.00,1.00
2014.02.28 19:35:08.249,1.70949,1.70957,1.00,1.00
2014.02.28 19:35:08.451,1.70946,1.70957,1.00,1.00
2014.02.28 19:35:08.653,1.70949,1.70957,1.00,1.00
2014.02.28 19:35:08.956,1.70954,1.70961,1.00,1.00
2014.02.28 19:35:09.319,1.70954,1.70959,1.00,1.00
2014.02.28 19:35:10.630,1.70956,1.70963,1.00,1.00
2014.02.28 19:35:10.681,1.70954,1.70962,1.45,1.00
2014.02.28 19:35:10.732,1.70957,1.70962,1.00,1.00
2014.02.28 19:35:10.884,1.70958,1.70966,1.38,1.00
2014.02.28 19:35:10.934,1.70961,1.70966,1.13,1.00
2014.02.28 19:35:10.985,1.70962,1.70969,1.00,1.00
2014.02.28 19:35:11.086,1.70964,1.70972,1.38,1.00
2014.02.28 19:35:21.568,1.70962,1.70971,1.38,1.00
2014.02.28 19:35:25.557,1.7096,1.70968,1.38,1.00
2014.02.28 19:35:26.178,1.70962,1.7097,1.38,1.00
2014.02.28 19:35:26.329,1.70964,1.7097,1.00,1.00
2014.02.28 19:35:28.963,1.70964,1.70969,1.00,2.63
2014.02.28 19:35:29.165,1.70958,1.70965,1.00,1.00
2014.02.28 19:35:29.419,1.70954,1.7096,1.00,1.00
2014.02.28 19:35:29.878,1.70947,1.70957,2.03,1.00
2014.02.28 19:35:32.154,1.7095,1.70957,1.00,1.00
2014.02.28 19:35:32.205,1.70949,1.70954,1.00,1.00
2014.02.28 19:35:32.810,1.70944,1.70954,2.63,1.00
2014.02.28 19:35:33.140,1.70949,1.70953,1.00,1.00
2014.02.28 19:35:33.494,1.70938,1.70951,3.38,1.00
2014.02.28 19:35:33.696,1.70944,1.70949,1.00,1.00
2014.02.28 19:35:36.382,1.70944,1.70954,1.00,1.10
2014.02.28 19:35:36.433,1.70947,1.70955,1.88,1.28
2014.02.28 19:35:36.585,1.70949,1.70958,1.00,2.25
2014.02.28 19:35:38.581,1.70949,1.70955,1.00,1.00
2014.02.28 19:35:38.884,1.70954,1.70958,1.00,1.10
2014.02.28 19:35:39.187,1.70948,1.70958,1.00,1.00
2014.02.28 19:35:41.386,1.70954,1.70958,1.00,1.00
2014.02.28 19:35:41.996,1.70946,1.70956,1.88,1.00
2014.02.28 19:35:42.603,1.70946,1.70956,1.88,1.00
2014.02.28 19:35:42.705,1.70949,1.70956,1.00,1.00
2014.02.28 19:35:43.018,1.70953,1.7096,1.00,1.15
2014.02.28 19:35:45.196,1.70954,1.70959,1.00,1.00
2014.02.28 19:35:45.347,1.7095,1.70959,1.88,1.00
2014.02.28 19:35:48.048,1.70946,1.70951,1.00,1.05
2014.02.28 19:35:48.099,1.70941,1.70951,1.50,1.58
2014.02.28 19:35:48.150,1.70941,1.70951,1.00,3.83
2014.02.28 19:35:48.201,1.70938,1.70942,1.00,1.50
2014.02.28 19:35:48.252,1.70939,1.70945,1.00,1.00
2014.02.28 19:35:48.757,1.70939,1.70946,1.00,1.00
2014.02.28 19:35:49.389,1.70934,1.70946,1.00,1.00
2014.02.28 19:35:49.490,1.70934,1.70943,1.00,1.00
2014.02.28 19:35:50.215,1.70931,1.70943,1.38,1.88
2014.02.28 19:35:50.522,1.70928,1.70933,1.00,1.50
2014.02.28 19:35:51.670,1.70929,1.70934,1.00,1.00
2014.02.28 19:35:52.562,1.70923,1.70932,1.88,1.00
2014.02.28 19:35:53.007,1.70923,1.70931,1.88,1.00
2014.02.28 19:35:53.059,1.70923,1.70929,1.88,1.00
2014.02.28 19:35:53.110,1.70915,1.70929,1.00,1.00
2014.02.28 19:35:53.162,1.70924,1.70928,1.00,1.00
2014.02.28 19:35:53.365,1.7092,1.7093,1.88,1.00
2014.02.28 19:35:53.880,1.70919,1.7093,2.63,1.00
2014.02.28 19:35:54.138,1.70923,1.7093,1.88,1.00
2014.02.28 19:35:54.240,1.70918,1.70923,1.50,1.00
2014.02.28 19:35:54.341,1.70915,1.70922,1.00,1.00
2014.02.28 19:35:54.594,1.70919,1.70923,1.00,1.00
2014.02.28 19:35:56.994,1.70919,1.70927,1.00,1.00
2014.02.28 19:35:57.095,1.70924,1.70928,1.00,1.50
2014.02.28 19:36:00.756,1.70924,1.70928,1.00,1.00
2014.02.28 19:36:02.130,1.70924,1.70929,1.00,1.00
2014.02.28 19:36:02.383,1.70919,1.70929,1.00,1.00
2014.02.28 19:36:10.071,1.70919,1.7093,1.00,1.00
2014.02.28 19:36:10.172,1.70929,1.70933,1.00,1.00
2014.02.28 19:36:10.273,1.70929,1.70935,1.00,1.00
2014.02.28 19:36:19.345,1.70923,1.70936,2.25,1.50
2014.02.28 19:36:19.650,1.70933,1.70939,1.75,1.00
2014.02.28 19:36:19.754,1.70933,1.70943,3.45,1.00
2014.02.28 19:36:20.291,1.70934,1.70943,2.63,1.00
2014.02.28 19:36:20.404,1.70934,1.70943,2.63,1.00
2014.02.28 19:36:20.937,1.70934,1.70942,3.38,1.00
2014.02.28 19:36:21.038,1.70934,1.7094,1.00,1.00
2014.02.28 19:36:21.342,1.70934,1.70938,1.00,1.00
2014.02.28 19:36:21.655,1.70922,1.70935,3.53,1.00
2014.02.28 19:36:23.298,1.70929,1.70935,1.00,1.00
2014.02.28 19:36:23.995,1.70929,1.70934,1.00,1.00
2014.02.28 19:36:26.677,1.70922,1.70934,1.15,1.00
2014.02.28 19:36:31.958,1.70924,1.70933,1.00,1.00
2014.02.28 19:36:32.060,1.70924,1.70931,1.00,1.13
2014.02.28 19:36:32.617,1.70927,1.70933,1.00,1.00
2014.02.28 19:36:40.651,1.70928,1.70933,1.00,1.50
2014.02.28 19:36:42.388,1.70919,1.7093,2.40,1.00
2014.02.28 19:36:42.541,1.70924,1.70931,1.00,1.50
2014.02.28 19:36:42.643,1.70919,1.70931,1.53,1.00
2014.02.28 19:36:42.744,1.7092,1.70931,1.10,1.00
2014.02.28 19:36:42.976,1.70924,1.70931,1.00,1.00
2014.02.28 19:36:43.771,1.70924,1.7093,1.00,1.00
2014.02.28 19:36:44.415,1.70919,1.7093,1.18,1.00
2014.02.28 19:36:44.569,1.70919,1.70928,1.00,1.00
2014.02.28 19:36:44.872,1.70913,1.70926,2.70,1.00
2014.02.28 19:36:45.124,1.70914,1.70926,1.00,3.75
2014.02.28 19:36:45.276,1.70912,1.70925,1.00,1.00
2014.02.28 19:36:48.099,1.70912,1.70925,1.15,1.00
2014.02.28 19:36:48.402,1.70919,1.70927,1.00,1.00
2014.02.28 19:36:48.453,1.70919,1.7093,1.00,1.13
2014.02.28 19:36:48.914,1.70919,1.70932,1.00,3.00
2014.02.28 19:36:49.015,1.70924,1.70932,1.00,1.13
2014.02.28 19:36:49.528,1.70924,1.70933,1.00,1.00
2014.02.28 19:36:49.985,1.70919,1.70933,3.45,1.00
2014.02.28 19:36:50.680,1.70924,1.70933,1.00,1.13
2014.02.28 19:36:51.889,1.7092,1.70933,1.18,1.13
2014.02.28 19:36:52.078,1.70924,1.70933,1.00,1.13
2014.02.28 19:36:52.382,1.70928,1.70933,1.00,1.13
2014.02.28 19:36:53.524,1.70924,1.70934,1.00,1.50
2014.02.28 19:36:53.626,1.70924,1.70932,1.00,1.00
2014.02.28 19:36:53.878,1.70919,1.70931,1.00,1.00
2014.02.28 19:36:55.481,1.70919,1.70931,1.48,1.00
2014.02.28 19:36:56.567,1.7092,1.7093,2.25,1.00
2014.02.28 19:36:58.374,1.70924,1.7093,1.00,1.00
2014.02.28 19:36:58.779,1.70924,1.70933,1.00,1.00
2014.02.28 19:37:00.486,1.70927,1.70933,1.88,1.00
2014.02.28 19:37:00.587,1.70927,1.70933,1.88,1.00
2014.02.28 19:37:00.638,1.70927,1.70938,1.88,1.13
2014.02.28 19:37:01.144,1.70926,1.70939,2.03,1.00
2014.02.28 19:37:01.745,1.70926,1.70939,1.88,1.00
2014.02.28 19:37:05.278,1.70925,1.70935,1.95,1.00
2014.02.28 19:37:07.214,1.70924,1.70935,3.08,1.00
2014.02.28 19:37:07.265,1.70924,1.70938,1.95,1.00
2014.02.28 19:37:07.366,1.70924,1.70934,1.20,1.00
2014.02.28 19:37:11.115,1.70924,1.70934,1.58,1.00
2014.02.28 19:37:11.713,1.70925,1.70934,1.18,1.00
2014.02.28 19:37:12.562,1.70925,1.7094,2.03,1.88
2014.02.28 19:37:13.085,1.70925,1.70937,1.28,1.88
2014.02.28 19:37:13.389,1.70924,1.70933,1.38,1.00
2014.02.28 19:37:13.775,1.70929,1.70933,1.00,1.00
2014.02.28 19:37:14.894,1.70924,1.70933,1.00,1.00
2014.02.28 19:37:14.945,1.70924,1.70931,1.00,1.00
2014.02.28 19:37:18.414,1.7092,1.70931,1.00,1.00
2014.02.28 19:37:18.616,1.70918,1.7093,1.00,1.00
2014.02.28 19:37:18.717,1.70916,1.70928,1.08,1.00
2014.02.28 19:37:19.020,1.70919,1.70928,1.00,1.00
2014.02.28 19:37:19.184,1.70915,1.70927,1.00,1.50
2014.02.28 19:37:19.706,1.70915,1.70926,1.00,1.00
2014.02.28 19:37:21.785,1.70915,1.70926,1.38,1.00
2014.02.28 19:37:22.136,1.7092,1.70927,1.13,1.00
2014.02.28 19:37:22.239,1.70924,1.70934,1.00,1.50
2014.02.28 19:37:22.543,1.70924,1.70931,1.00,1.00
2014.02.28 19:37:23.230,1.70928,1.70935,1.00,2.63
2014.02.28 19:37:23.331,1.70929,1.70935,1.00,1.00
2014.02.28 19:37:24.744,1.70929,1.70933,1.00,1.00
2014.02.28 19:37:25.306,1.70929,1.70936,1.00,3.45
2014.02.28 19:37:25.407,1.70924,1.70936,1.00,3.45
2014.02.28 19:37:25.746,1.70924,1.70933,1.00,1.00
2014.02.28 19:37:28.573,1.70925,1.70936,1.00,1.00
2014.02.28 19:37:29.684,1.70925,1.70934,1.00,1.00
2014.02.28 19:37:30.246,1.70929,1.70934,1.00,1.00
2014.02.28 19:37:30.448,1.70926,1.70934,2.63,1.00
2014.02.28 19:37:30.600,1.70926,1.70937,2.63,1.00
2014.02.28 19:37:30.903,1.70934,1.70942,1.00,1.13
2014.02.28 19:37:31.469,1.70934,1.70939,1.00,1.00
2014.02.28 19:37:33.811,1.70934,1.70945,1.38,1.13
2014.02.28 19:37:34.015,1.70943,1.70949,1.00,1.13
2014.02.28 19:37:34.066,1.70939,1.70949,1.38,1.13
2014.02.28 19:37:34.471,1.70941,1.70951,1.38,1.00
2014.02.28 19:37:37.326,1.70949,1.70956,1.38,1.38
2014.02.28 19:37:37.377,1.70949,1.70954,1.38,1.00
2014.02.28 19:37:37.529,1.70951,1.70961,1.88,1.00
2014.02.28 19:37:43.893,1.70954,1.70961,1.00,1.00
2014.02.28 19:37:43.943,1.70954,1.70961,1.00,1.08
2014.02.28 19:37:44.095,1.70943,1.70955,2.25,1.00
2014.02.28 19:37:44.197,1.70943,1.70951,1.00,1.00
2014.02.28 19:37:44.500,1.70939,1.70947,1.00,1.00
2014.02.28 19:37:44.803,1.70931,1.70944,2.40,1.00
2014.02.28 19:37:44.854,1.70939,1.70944,1.00,1.00
2014.02.28 19:37:46.319,1.70939,1.70944,1.00,1.00
2014.02.28 19:37:46.622,1.70941,1.70952,2.25,1.00
2014.02.28 19:37:49.184,1.70944,1.7095,1.00,1.00
2014.02.28 19:37:50.138,1.70945,1.70954,1.75,2.78
2014.02.28 19:37:50.292,1.70945,1.70953,1.75,1.00
2014.02.28 19:37:50.350,1.70949,1.70953,1.00,1.00
2014.02.28 19:37:50.502,1.70943,1.70951,1.00,1.00
2014.02.28 19:37:50.603,1.70944,1.70951,1.00,1.00
2014.02.28 19:37:51.920,1.70946,1.70953,1.00,1.10
2014.02.28 19:37:52.021,1.70944,1.70951,1.00,1.00
2014.02.28 19:37:55.457,1.70944,1.70954,1.50,2.03
2014.02.28 19:37:55.661,1.70949,1.70953,1.50,1.00
2014.02.28 19:37:55.763,1.70951,1.70959,1.00,1.50
2014.02.28 19:37:55.864,1.70954,1.70959,1.00,1.00
2014.02.28 19:38:01.293,1.70954,1.70966,1.00,1.65
2014.02.28 19:38:02.122,1.70954,1.70961,1.00,1.00
2014.02.28 19:38:03.341,1.70952,1.70961,1.88,1.00
2014.02.28 19:38:03.442,1.7095,1.70961,1.88,1.00
2014.02.28 19:38:04.080,1.7095,1.70961,2.25,1.00
2014.02.28 19:38:04.586,1.70954,1.70966,1.00,1.13
2014.02.28 19:38:04.637,1.70954,1.70966,1.00,2.22
2014.02.28 19:38:04.847,1.70949,1.70959,1.00,1.10
2014.02.28 19:38:05.000,1.70949,1.70955,1.00,1.00
2014.02.28 19:38:05.203,1.70944,1.70957,1.13,1.18
2014.02.28 19:38:05.456,1.70944,1.70951,1.00,1.00
2014.02.28 19:38:05.967,1.70943,1.70951,1.13,1.00
2014.02.28 19:38:07.719,1.7094,1.70951,1.88,1.00
2014.02.28 19:38:07.770,1.70943,1.70951,1.00,1.00
2014.02.28 19:38:07.872,1.7094,1.70951,1.88,1.00
2014.02.28 19:38:07.922,1.70942,1.70951,1.00,1.00
2014.02.28 19:38:09.503,1.70943,1.70951,1.00,1.00
2014.02.28 19:38:10.955,1.70942,1.70951,1.00,1.00
2014.02.28 19:38:11.057,1.7094,1.70951,1.00,1.18
2014.02.28 19:38:11.163,1.7094,1.70947,1.00,1.00
2014.02.28 19:38:12.752,1.70944,1.70951,1.00,1.15
2014.02.28 19:38:13.257,1.70938,1.70944,1.00,1.00
2014.02.28 19:38:13.778,1.70939,1.70944,1.00,1.00
2014.02.28 19:38:14.087,1.70942,1.7095,1.00,1.38
2014.02.28 19:38:14.239,1.70944,1.70949,1.00,1.00
2014.02.28 19:38:15.768,1.70948,1.70953,1.00,1.00
2014.02.28 19:38:22.698,1.70945,1.7095,1.00,1.00
2014.02.28 19:38:23.206,1.70944,1.7095,1.00,1.00
2014.02.28 19:38:23.257,1.70944,1.70948,1.00,1.00
2014.02.28 19:38:24.273,1.70944,1.7095,1.00,1.10
2014.02.28 19:38:24.577,1.70954,1.70967,1.13,2.25
2014.02.28 19:38:24.830,1.70954,1.70962,1.00,1.00
2014.02.28 19:38:25.312,1.70959,1.70966,1.00,1.53
2014.02.28 19:38:25.766,1.70955,1.70961,1.00,1.00
2014.02.28 19:38:25.817,1.70955,1.70964,1.00,1.50
2014.02.28 19:38:25.919,1.70954,1.7096,1.00,1.00
2014.02.28 19:38:26.223,1.70959,1.70963,1.00,1.00
2014.02.28 19:38:27.774,1.70959,1.70965,1.00,1.00
2014.02.28 19:38:30.596,1.70955,1.70965,1.00,1.38
2014.02.28 19:38:30.698,1.70954,1.70963,1.50,1.38
2014.02.28 19:38:31.202,1.70954,1.7096,1.00,2.40
2014.02.28 19:38:31.355,1.70949,1.7096,1.00,2.40
2014.02.28 19:38:31.405,1.70949,1.70957,1.00,1.38
2014.02.28 19:38:32.252,1.70949,1.70959,1.00,1.18
2014.02.28 19:38:32.405,1.70949,1.70955,1.00,1.00
2014.02.28 19:38:33.084,1.7095,1.70955,2.25,1.00
2014.02.28 19:38:33.185,1.70954,1.7096,1.00,1.00
2014.02.28 19:38:33.236,1.70954,1.70962,1.00,1.10
2014.02.28 19:38:33.489,1.70954,1.70965,1.00,1.10
2014.02.28 19:38:35.167,1.70954,1.70962,1.00,1.00
2014.02.28 19:38:35.269,1.70954,1.70965,1.00,2.70
2014.02.28 19:38:36.698,1.70954,1.70965,1.00,1.18
2014.02.28 19:38:36.800,1.70954,1.70961,1.00,1.00
2014.02.28 19:38:37.331,1.70958,1.70966,1.00,3.15
2014.02.28 19:38:37.585,1.70959,1.70963,1.00,1.00
2014.02.28 19:38:38.681,1.70959,1.70969,1.00,1.65
2014.02.28 19:38:39.742,1.70959,1.70965,1.00,1.00
2014.02.28 19:38:40.008,1.70959,1.70969,1.00,1.28
2014.02.28 19:38:41.029,1.70959,1.70971,1.00,2.03
2014.02.28 19:38:41.537,1.70959,1.70971,1.00,1.65
2014.02.28 19:38:41.641,1.70959,1.70967,1.00,1.00
2014.02.28 19:38:41.743,1.70959,1.7097,1.00,1.10
2014.02.28 19:38:42.737,1.70959,1.70968,1.00,1.00
2014.02.28 19:38:42.965,1.70959,1.70971,1.00,1.65
2014.02.28 19:38:44.235,1.70964,1.7097,1.00,1.10
2014.02.28 19:38:44.336,1.70959,1.70969,1.00,1.00
2014.02.28 19:38:44.839,1.70959,1.70971,1.00,1.65
2014.02.28 19:38:44.940,1.70959,1.70966,1.00,1.00
2014.02.28 19:38:45.092,1.70959,1.70969,1.00,2.03
2014.02.28 19:38:48.144,1.70959,1.70969,1.00,1.38
2014.02.28 19:38:48.298,1.70954,1.70964,1.00,1.55
2014.02.28 19:38:48.349,1.70954,1.70964,1.00,1.55
2014.02.28 19:38:53.381,1.70954,1.7096,2.70,1.00
2014.02.28 19:38:53.685,1.70964,1.70968,1.13,1.00
2014.02.28 19:38:53.736,1.70964,1.70971,1.13,1.50
2014.02.28 19:38:54.531,1.70964,1.70971,1.00,1.00
2014.02.28 19:38:54.850,1.70964,1.70969,1.00,1.00
2014.02.28 19:38:57.048,1.70964,1.70972,1.00,1.13
2014.02.28 19:38:57.200,1.70964,1.70976,1.00,1.28
2014.02.28 19:38:57.352,1.70964,1.70972,1.00,1.00
2014.02.28 19:38:57.604,1.70965,1.70978,1.75,1.28
2014.02.28 19:38:57.655,1.70973,1.70978,1.00,1.10
2014.02.28 19:38:57.857,1.70969,1.70978,1.00,1.13
2014.02.28 19:38:57.908,1.70969,1.70983,1.00,3.15
2014.02.28 19:39:02.210,1.70969,1.70979,1.00,1.00
2014.02.28 19:39:02.612,1.70969,1.70977,1.00,1.00
2014.02.28 19:39:03.453,1.70969,1.70977,1.00,1.08
2014.02.28 19:39:05.173,1.70965,1.70971,1.13,1.00
2014.02.28 19:39:05.224,1.70965,1.70971,1.13,1.00
2014.02.28 19:39:05.376,1.70959,1.70966,1.00,1.00
2014.02.28 19:39:07.657,1.70955,1.70966,1.00,1.00
2014.02.28 19:39:07.708,1.70955,1.70963,1.00,1.00
2014.02.28 19:39:09.368,1.70954,1.70963,1.50,1.00
2014.02.28 19:39:10.434,1.70959,1.70963,1.00,1.00
2014.02.28 19:39:11.360,1.70959,1.70967,1.00,1.00
2014.02.28 19:39:12.453,1.70959,1.70965,1.00,1.00
2014.02.28 19:39:12.756,1.70959,1.70963,1.00,1.00
2014.02.28 19:39:13.746,1.70959,1.70966,1.00,1.10
2014.02.28 19:39:13.848,1.70963,1.70969,1.00,1.10
2014.02.28 19:39:14.151,1.70959,1.70966,1.00,1.00
2014.02.28 19:39:14.549,1.70959,1.70964,1.00,1.00
2014.02.28 19:39:16.312,1.70959,1.70966,1.38,1.10
2014.02.28 19:39:16.363,1.70964,1.7097,1.00,1.00
2014.02.28 19:39:17.459,1.70956,1.70966,1.38,1.18
2014.02.28 19:39:17.964,1.70959,1.70966,1.38,1.15
2014.02.28 19:39:18.015,1.70959,1.70966,1.38,1.00
2014.02.28 19:39:25.791,1.70959,1.70966,1.00,1.00
2014.02.28 19:39:26.095,1.70963,1.70969,1.13,1.00
2014.02.28 19:39:26.147,1.70963,1.70969,1.13,1.00
2014.02.28 19:39:26.248,1.7096,1.70968,1.50,1.00
2014.02.28 19:39:26.300,1.70959,1.70966,1.00,1.00
2014.02.28 19:39:26.604,1.70954,1.70964,1.00,1.00
2014.02.28 19:39:28.321,1.70953,1.70964,1.00,1.00
2014.02.28 19:39:28.524,1.70962,1.70966,1.00,1.00
2014.02.28 19:39:28.727,1.70966,1.70971,1.00,1.00
2014.02.28 19:39:28.829,1.70969,1.70973,1.00,1.00
2014.02.28 19:39:29.132,1.70969,1.70976,1.00,1.13
2014.02.28 19:39:30.280,1.70968,1.70972,1.00,1.00
2014.02.28 19:39:30.583,1.70962,1.7097,1.38,1.00
2014.02.28 19:39:30.634,1.70964,1.7097,1.00,1.00
2014.02.28 19:39:33.532,1.70961,1.7097,1.00,1.00
2014.02.28 19:39:33.835,1.70964,1.7097,1.00,1.00
2014.02.28 19:39:34.088,1.70959,1.70967,1.00,1.00
2014.02.28 19:39:34.340,1.70959,1.70964,1.00,1.00
2014.02.28 19:39:36.602,1.70955,1.70964,1.00,1.00
2014.02.28 19:39:36.905,1.70954,1.70964,1.00,1.13
2014.02.28 19:39:36.956,1.70954,1.70961,1.00,1.00
2014.02.28 19:39:37.158,1.70946,1.70959,1.38,1.18
2014.02.28 19:39:37.260,1.70945,1.70959,1.00,1.28
2014.02.28 19:39:37.563,1.70949,1.70954,1.00,1.00
2014.02.28 19:39:41.638,1.70953,1.7096,1.38,1.15
2014.02.28 19:39:41.740,1.70953,1.70959,1.38,1.08
2014.02.28 19:39:41.943,1.70952,1.7096,2.63,1.00
2014.02.28 19:39:43.929,1.70954,1.70963,1.88,1.00
2014.02.28 19:39:44.284,1.70954,1.70965,1.88,1.00
2014.02.28 19:39:51.542,1.70953,1.70964,1.00,1.00
2014.02.28 19:39:52.452,1.70952,1.7096,3.00,1.00
2014.02.28 19:39:52.555,1.70949,1.70957,1.00,1.00
2014.02.28 19:39:52.757,1.70954,1.70958,1.00,1.00
2014.02.28 19:39:53.097,1.70949,1.70959,1.38,1.00
2014.02.28 19:39:53.852,1.7095,1.70957,1.88,1.00
2014.02.28 19:39:53.954,1.70945,1.70953,1.15,1.00
2014.02.28 19:39:54.460,1.70943,1.70952,2.25,1.00
2014.02.28 19:39:54.612,1.70949,1.70955,1.00,1.13
2014.02.28 19:39:54.866,1.70937,1.7095,1.90,1.00
2014.02.28 19:39:55.371,1.70941,1.70951,1.88,1.00
2014.02.28 19:39:55.422,1.70944,1.70951,1.00,1.00
2014.02.28 19:39:55.926,1.70944,1.7095,1.00,1.00
2014.02.28 19:39:59.462,1.70939,1.7095,2.25,1.00
2014.02.28 19:39:59.564,1.70949,1.70953,1.00,1.00
2014.02.28 19:39:59.665,1.70949,1.70955,1.00,1.00
2014.02.28 19:39:59.817,1.70953,1.7096,1.00,1.18
2014.02.28 19:39:59.918,1.70949,1.70955,1.00,1.00
2014.02.28 19:40:00.020,1.70949,1.70953,1.00,1.00
2014.02.28 19:40:00.323,1.70954,1.70964,1.00,1.75
2014.02.28 19:40:01.102,1.7095,1.70957,1.00,1.00
2014.02.28 19:40:01.203,1.70952,1.7096,1.00,1.00
2014.02.28 19:40:01.668,1.70955,1.7096,1.00,1.00
2014.02.28 19:40:01.972,1.70954,1.70964,1.00,1.00
2014.02.28 19:40:02.074,1.70954,1.70961,1.00,1.00
2014.02.28 19:40:02.328,1.70954,1.70964,1.00,1.00
2014.02.28 19:40:05.959,1.70959,1.70964,1.00,1.00
2014.02.28 19:40:06.171,1.70952,1.70961,1.38,1.00
2014.02.28 19:40:08.884,1.70959,1.70963,1.00,1.00
2014.02.28 19:40:09.372,1.70959,1.70969,1.00,1.50
2014.02.28 19:40:09.473,1.70959,1.70964,1.00,1.00
2014.02.28 19:40:14.893,1.70955,1.70964,1.38,1.00
2014.02.28 19:40:14.995,1.70954,1.70964,1.50,1.00
2014.02.28 19:40:15.298,1.70959,1.70965,1.00,1.28
2014.02.28 19:40:15.349,1.70959,1.70965,1.00,1.00
2014.02.28 19:40:15.501,1.70959,1.70963,1.00,1.00
2014.02.28 19:40:18.004,1.70961,1.7097,1.00,1.53
2014.02.28 19:40:18.107,1.70959,1.70963,1.00,1.00
2014.02.28 19:40:18.208,1.7096,1.7097,1.00,1.00
2014.02.28 19:40:18.360,1.7096,1.7097,1.85,1.00
2014.02.28 19:40:18.664,1.70968,1.70976,1.00,1.00
2014.02.28 19:40:19.017,1.70974,1.70978,1.00,1.00
2014.02.28 19:40:26.853,1.70977,1.70984,1.00,1.00
2014.02.28 19:40:27.055,1.70979,1.70987,1.00,1.18
2014.02.28 19:40:27.258,1.70979,1.70984,1.00,1.00
2014.02.28 19:40:27.662,1.70977,1.70984,1.00,1.00
2014.02.28 19:40:28.053,1.70978,1.70984,1.00,1.00
2014.02.28 19:40:28.256,1.7098,1.70986,1.00,1.00
2014.02.28 19:40:31.947,1.70979,1.70986,1.50,1.00
2014.02.28 19:40:32.149,1.70978,1.70986,1.00,1.00
2014.02.28 19:40:35.307,1.70982,1.70989,1.38,1.00
2014.02.28 19:40:35.358,1.70982,1.70989,1.38,1.00
2014.02.28 19:40:35.661,1.70984,1.70993,1.00,1.20
2014.02.28 19:40:39.688,1.70983,1.70992,1.38,1.00
2014.02.28 19:40:39.739,1.70988,1.70996,1.38,1.15
2014.02.28 19:40:39.840,1.70988,1.70995,1.38,1.00
2014.02.28 19:40:43.555,1.70994,1.70998,1.00,1.00
2014.02.28 19:40:55.152,1.70987,1.70998,1.00,1.00
2014.02.28 19:40:55.202,1.70986,1.70996,1.88,1.00
2014.02.28 19:40:55.253,1.70984,1.70996,1.88,1.08
2014.02.28 19:40:55.304,1.70984,1.70994,1.38,1.00
2014.02.28 19:40:55.456,1.70989,1.70996,1.00,1.50
2014.02.28 19:40:56.129,1.70987,1.70996,1.38,1.75
2014.02.28 19:40:56.382,1.70981,1.70992,2.63,1.13
2014.02.28 19:40:56.534,1.70978,1.70986,1.13,1.00
2014.02.28 19:40:56.851,1.70976,1.70986,2.25,1.00
2014.02.28 19:40:59.532,1.70976,1.70986,2.25,1.50
2014.02.28 19:41:01.435,1.70977,1.70986,1.00,1.50
2014.02.28 19:41:01.637,1.70981,1.7099,1.00,1.95
2014.02.28 19:41:02.400,1.70983,1.7099,1.00,1.65
2014.02.28 19:41:02.704,1.70984,1.7099,1.00,1.15
2014.02.28 19:41:03.327,1.70977,1.70986,1.50,1.18
2014.02.28 19:41:03.378,1.70977,1.70986,1.00,1.28
2014.02.28 19:41:03.480,1.70976,1.70982,1.00,1.00
2014.02.28 19:41:03.784,1.70979,1.70987,1.38,1.53
2014.02.28 19:41:03.885,1.70977,1.70983,1.00,1.00
2014.02.28 19:41:03.936,1.70978,1.70982,1.00,1.00
2014.02.28 19:41:04.038,1.70978,1.70989,1.00,1.28
2014.02.28 19:41:04.139,1.70982,1.70989,1.38,1.13
2014.02.28 19:41:04.444,1.70984,1.70995,1.50,1.58
2014.02.28 19:41:04.697,1.70988,1.70994,1.00,1.10
2014.02.28 19:41:05.202,1.70988,1.70996,1.00,1.18
2014.02.28 19:41:05.253,1.7099,1.70996,1.00,1.18
2014.02.28 19:41:05.557,1.70992,1.70998,1.00,1.38
2014.02.28 19:41:06.229,1.70992,1.70996,1.00,1.00
2014.02.28 19:41:06.441,1.70987,1.70999,1.00,1.00
2014.02.28 19:41:06.542,1.70989,1.70999,1.00,1.10
2014.02.28 19:41:07.305,1.70989,1.70995,1.00,1.00
2014.02.28 19:41:07.993,1.70986,1.70995,1.13,1.00
2014.02.28 19:41:08.850,1.70984,1.70995,2.63,1.00
2014.02.28 19:41:09.412,1.70984,1.70998,2.25,1.28
2014.02.28 19:41:10.780,1.70984,1.70998,2.25,1.65
2014.02.28 19:41:10.831,1.70984,1.70998,2.25,2.03
2014.02.28 19:41:11.135,1.70984,1.70991,1.00,1.88
2014.02.28 19:41:11.287,1.70984,1.70993,1.50,1.00
2014.02.28 19:41:11.741,1.70983,1.7099,1.00,1.00
2014.02.28 19:41:13.819,1.70984,1.7099,1.00,1.00
2014.02.28 19:41:16.456,1.70982,1.70987,1.00,1.00
2014.02.28 19:41:16.607,1.70979,1.70987,1.00,1.00
2014.02.28 19:41:17.209,1.70979,1.7099,1.00,1.48
2014.02.28 19:41:17.462,1.70977,1.7099,1.00,1.10
2014.02.28 19:41:17.563,1.70977,1.70986,1.00,1.00
2014.02.28 19:41:17.866,1.70979,1.70986,1.00,1.00
2014.02.28 19:41:24.962,1.70984,1.70992,1.00,1.48
2014.02.28 19:41:25.012,1.70984,1.70989,1.00,1.00
2014.02.28 19:41:26.478,1.70985,1.70989,1.09,1.00
2014.02.28 19:41:26.546,1.70985,1.70994,1.17,1.45
2014.02.28 19:41:26.603,1.70989,1.70995,1.38,1.00
2014.02.28 19:41:26.806,1.70994,1.71002,1.00,1.00
2014.02.28 19:41:26.908,1.70999,1.71005,1.00,1.00
2014.02.28 19:41:27.162,1.70997,1.71005,1.00,1.00
2014.02.28 19:41:27.668,1.70997,1.71001,1.00,1.00
2014.02.28 19:41:27.769,1.70997,1.71003,1.13,1.00
2014.02.28 19:41:27.870,1.70997,1.71006,1.38,1.00
2014.02.28 19:41:28.022,1.70997,1.71003,1.00,1.00
2014.02.28 19:41:28.325,1.70993,1.71004,1.88,1.00
2014.02.28 19:41:28.528,1.70999,1.71009,1.38,1.50
2014.02.28 19:41:28.680,1.70999,1.71006,1.00,1.00
2014.02.28 19:41:28.781,1.70993,1.71004,1.95,1.00
