2016.01.13 08:00:00.121,1.70642,1.70656,2.70,1.00
2016.01.13 08:00:00.411,1.70644,1.7066,1.95,1.00
2016.01.13 08:00:00.463,1.70646,1.7066,1.87,1.00
2016.01.13 08:00:00.875,1.70645,1.7066,1.57,1.00
2016.01.13 08:00:00.926,1.70648,1.7066,1.00,1.00
2016.01.13 08:00:01.325,1.70648,1.70662,1.00,1.00
2016.01.13 08:00:01.733,1.70647,1.70662,1.12,1.00
2016.01.13 08:00:02.273,1.70647,1.70663,1.12,1.00
2016.01.13 08:00:02.529,1.70645,1.70659,1.57,1.00
2016.01.13 08:00:02.783,1.70643,1.70656,1.00,1.00
2016.01.13 08:00:03.046,1.70637,1.70651,1.00,1.00
2016.01.13 08:00:03.097,1.70637,1.70649,1.00,1.00
2016.01.13 08:00:03.403,1.70624,1.70629,1.00,1.00
2016.01.13 08:00:03.455,1.70615,1.70623,1.50,1.00
2016.01.13 08:00:03.509,1.70614,1.70625,1.50,1.00
2016.01.13 08:00:03.560,1.70614,1.70623,1.12,1.00
2016.01.13 08:00:03.664,1.7061,1.7062,1.00,1.00
2016.01.13 08:00:03.781,1.70609,1.70618,1.00,1.00
2016.01.13 08:00:04.089,1.70609,1.70614,1.00,1.00
2016.01.13 08:00:04.244,1.70601,1.70609,1.37,1.12
2016.01.13 08:00:04.347,1.70597,1.70609,1.12,1.12
2016.01.13 08:00:04.449,1.70597,1.70609,1.12,1.37
2016.01.13 08:00:04.758,1.70594,1.70608,1.75,1.37
2016.01.13 08:00:04.860,1.70595,1.70606,1.50,1.00
2016.01.13 08:00:04.912,1.70595,1.70609,1.50,1.50
2016.01.13 08:00:05.429,1.70596,1.70606,1.37,1.12
2016.01.13 08:00:05.584,1.70595,1.70606,1.00,1.12
2016.01.13 08:00:05.636,1.70593,1.70601,1.87,1.00
2016.01.13 08:00:05.687,1.7059,1.70601,1.20,1.00
2016.01.13 08:00:05.739,1.70588,1.70601,1.50,1.00
2016.01.13 08:00:05.843,1.7059,1.70598,1.00,1.00
2016.01.13 08:00:05.894,1.70588,1.70598,1.50,1.00
2016.01.13 08:00:06.423,1.70589,1.706,1.00,1.75
2016.01.13 08:00:06.730,1.70587,1.70597,1.10,1.12
2016.01.13 08:00:06.904,1.70585,1.70595,1.87,1.00
2016.01.13 08:00:07.158,1.70581,1.7059,1.00,1.12
2016.01.13 08:00:07.210,1.70577,1.70588,1.87,1.00
2016.01.13 08:00:07.619,1.70579,1.70591,1.37,1.75
2016.01.13 08:00:07.881,1.70577,1.70592,1.50,1.50
2016.01.13 08:00:08.342,1.70578,1.70589,1.37,1.37
2016.01.13 08:00:08.605,1.70571,1.70582,1.50,1.50
2016.01.13 08:00:08.656,1.70571,1.70582,1.00,1.75
2016.01.13 08:00:08.860,1.70568,1.70585,1.87,1.75
2016.01.13 08:00:08.963,1.70568,1.70582,1.85,1.50
2016.01.13 08:00:09.116,1.70569,1.70584,1.00,1.75
2016.01.13 08:00:09.269,1.70569,1.70586,1.50,2.25
2016.01.13 08:00:09.355,1.70569,1.70582,1.87,1.00
2016.01.13 08:00:09.406,1.70576,1.70582,1.00,1.00
2016.01.13 08:00:09.458,1.70578,1.7059,1.00,1.87
2016.01.13 08:00:09.561,1.70583,1.70592,1.00,1.00
2016.01.13 08:00:09.666,1.70585,1.70597,1.00,1.12
2016.01.13 08:00:09.718,1.70587,1.70597,1.00,1.12
2016.01.13 08:00:09.872,1.70584,1.70601,1.12,1.75
2016.01.13 08:00:10.026,1.70585,1.70602,1.37,1.95
2016.01.13 08:00:10.372,1.70588,1.70605,2.62,1.87
2016.01.13 08:00:10.579,1.70592,1.70603,1.00,1.00
2016.01.13 08:00:10.632,1.70592,1.70603,1.12,1.00
2016.01.13 08:00:11.030,1.70592,1.70603,1.37,1.00
2016.01.13 08:00:11.133,1.70591,1.70603,1.75,1.00
2016.01.13 08:00:11.288,1.70593,1.70607,1.37,1.00
2016.01.13 08:00:11.442,1.70591,1.70606,1.87,1.12
2016.01.13 08:00:11.544,1.70591,1.70605,1.00,1.87
2016.01.13 08:00:11.646,1.70587,1.70602,1.47,1.00
2016.01.13 08:00:11.961,1.70581,1.70596,1.12,1.00
2016.01.13 08:00:12.472,1.70581,1.70595,1.12,1.50
2016.01.13 08:00:12.886,1.70581,1.70597,1.12,1.00
2016.01.13 08:00:13.394,1.70582,1.706,1.50,3.00
2016.01.13 08:00:13.998,1.70579,1.70599,1.95,3.00
2016.01.13 08:00:14.408,1.70582,1.706,1.37,1.87
2016.01.13 08:00:14.894,1.7058,1.70597,1.12,1.00
2016.01.13 08:00:15.149,1.70581,1.70598,1.00,1.57
2016.01.13 08:00:15.201,1.70581,1.70592,1.00,1.00
2016.01.13 08:00:15.252,1.70577,1.70592,1.47,1.50
2016.01.13 08:00:15.304,1.70575,1.70592,1.50,1.50
2016.01.13 08:00:15.382,1.70574,1.7059,1.57,1.00
2016.01.13 08:00:15.792,1.70574,1.70589,1.00,1.00
2016.01.13 08:00:15.844,1.70572,1.70589,3.00,1.00
2016.01.13 08:00:15.946,1.70572,1.70589,1.75,1.00
2016.01.13 08:00:16.266,1.70571,1.70589,1.95,1.00
2016.01.13 08:00:16.466,1.7057,1.7058,1.57,1.00
2016.01.13 08:00:16.774,1.70556,1.70562,1.00,1.00
2016.01.13 08:00:17.080,1.70544,1.70559,1.50,1.00
2016.01.13 08:00:17.190,1.70548,1.7056,1.00,1.00
2016.01.13 08:00:17.241,1.70549,1.70563,1.00,1.47
2016.01.13 08:00:17.293,1.70549,1.70564,1.00,1.10
2016.01.13 08:00:17.354,1.7055,1.70568,1.95,2.25
2016.01.13 08:00:17.660,1.70557,1.70571,1.75,1.00
2016.01.13 08:00:18.008,1.70564,1.70575,1.00,1.00
2016.01.13 08:00:18.317,1.70564,1.70578,1.00,1.00
2016.01.13 08:00:18.368,1.70562,1.70579,2.25,1.00
2016.01.13 08:00:18.624,1.70564,1.70581,1.75,1.12
2016.01.13 08:00:18.676,1.70564,1.70579,1.50,1.00
2016.01.13 08:00:19.186,1.70564,1.70582,1.50,2.70
2016.01.13 08:00:19.391,1.70571,1.7058,1.00,1.85
2016.01.13 08:00:19.493,1.70577,1.70588,1.00,1.37
2016.01.13 08:00:19.545,1.7058,1.70589,1.50,1.20
2016.01.13 08:00:19.596,1.70582,1.70594,1.00,1.57
2016.01.13 08:00:19.705,1.70581,1.70597,1.87,1.12
2016.01.13 08:00:19.758,1.70583,1.70598,1.10,1.00
2016.01.13 08:00:20.168,1.70584,1.70597,1.00,1.37
2016.01.13 08:00:20.270,1.70584,1.706,1.00,1.12
2016.01.13 08:00:20.321,1.70582,1.706,1.50,1.12
2016.01.13 08:00:20.373,1.70582,1.706,1.50,1.12
2016.01.13 08:00:20.785,1.7058,1.70597,1.00,1.50
2016.01.13 08:00:21.354,1.70577,1.70595,1.87,1.12
2016.01.13 08:00:21.406,1.70577,1.70593,1.87,1.00
2016.01.13 08:00:21.712,1.70572,1.70587,1.37,1.12
2016.01.13 08:00:22.018,1.70572,1.70579,1.37,1.20
2016.01.13 08:00:22.121,1.70562,1.70578,1.00,1.12
2016.01.13 08:00:22.326,1.70563,1.70579,1.12,1.00
2016.01.13 08:00:22.378,1.70563,1.70579,1.75,1.00
2016.01.13 08:00:22.582,1.70564,1.70581,1.00,2.25
2016.01.13 08:00:22.686,1.70564,1.70582,2.25,1.10
2016.01.13 08:00:23.465,1.70565,1.70578,1.00,1.00
2016.01.13 08:00:23.570,1.7056,1.70577,2.70,1.50
2016.01.13 08:00:23.621,1.7056,1.70577,1.50,1.57
2016.01.13 08:00:23.928,1.7056,1.70576,1.50,2.62
2016.01.13 08:00:24.347,1.70558,1.70575,1.12,1.20
2016.01.13 08:00:24.500,1.70557,1.70573,1.00,1.37
2016.01.13 08:00:24.805,1.70555,1.70572,1.12,1.37
2016.01.13 08:00:24.908,1.70557,1.70572,1.00,1.37
2016.01.13 08:00:25.415,1.70557,1.70573,1.00,1.50
2016.01.13 08:00:25.924,1.70557,1.70573,1.00,1.00
2016.01.13 08:00:26.320,1.7056,1.70572,1.00,1.00
2016.01.13 08:00:26.422,1.70558,1.70572,1.00,1.00
2016.01.13 08:00:26.575,1.70558,1.70572,1.50,1.00
2016.01.13 08:00:26.730,1.70563,1.70578,1.00,2.32
2016.01.13 08:00:26.884,1.70566,1.7058,1.00,1.95
2016.01.13 08:00:27.012,1.70565,1.7058,1.00,1.07
2016.01.13 08:00:27.471,1.70564,1.7058,1.00,1.95
2016.01.13 08:00:27.624,1.70564,1.70579,1.00,1.20
2016.01.13 08:00:28.142,1.70564,1.70579,1.00,1.47
2016.01.13 08:00:28.244,1.70563,1.70578,1.00,1.87
2016.01.13 08:00:28.347,1.70559,1.70576,1.00,1.37
2016.01.13 08:00:28.398,1.70555,1.70573,2.70,1.75
2016.01.13 08:00:28.603,1.70553,1.70568,1.00,1.00
2016.01.13 08:00:28.806,1.70551,1.70568,1.00,1.65
2016.01.13 08:00:28.961,1.70551,1.70566,1.00,1.45
2016.01.13 08:00:30.294,1.70551,1.70568,1.00,2.25
2016.01.13 08:00:30.398,1.70553,1.70569,1.00,1.95
2016.01.13 08:00:30.936,1.70554,1.70571,1.00,1.75
2016.01.13 08:00:30.988,1.70554,1.70571,1.00,1.12
2016.01.13 08:00:31.142,1.70557,1.70572,1.00,1.47
2016.01.13 08:00:31.499,1.70559,1.70573,1.00,1.47
2016.01.13 08:00:32.025,1.70558,1.70576,1.12,2.25
2016.01.13 08:00:32.331,1.70556,1.70574,1.37,1.82
2016.01.13 08:00:33.016,1.70556,1.70571,1.00,1.47
2016.01.13 08:00:33.525,1.70555,1.70571,1.00,1.57
2016.01.13 08:00:33.834,1.70553,1.70568,1.00,1.00
2016.01.13 08:00:33.885,1.70553,1.70564,1.00,1.37
2016.01.13 08:00:33.988,1.70549,1.70562,1.87,1.37
2016.01.13 08:00:34.040,1.70546,1.70562,1.87,1.87
2016.01.13 08:00:34.142,1.70541,1.70555,1.00,1.75
2016.01.13 08:00:34.246,1.70538,1.70554,1.00,2.62
2016.01.13 08:00:34.297,1.70533,1.7055,1.95,1.12
2016.01.13 08:00:34.348,1.70533,1.7055,1.57,1.37
2016.01.13 08:00:34.558,1.70532,1.70547,1.00,1.12
2016.01.13 08:00:35.067,1.70534,1.70549,1.00,1.12
2016.01.13 08:00:35.374,1.70539,1.70556,1.00,1.45
2016.01.13 08:00:36.192,1.70542,1.70556,1.00,1.37
2016.01.13 08:00:36.294,1.70543,1.70558,1.12,2.32
2016.01.13 08:00:36.455,1.70545,1.70561,1.00,1.87
2016.01.13 08:00:36.609,1.70543,1.7056,1.12,1.37
2016.01.13 08:00:36.712,1.70543,1.70559,1.00,1.75
2016.01.13 08:00:37.020,1.70543,1.7056,1.50,1.12
2016.01.13 08:00:37.122,1.70542,1.70559,1.57,1.37
2016.01.13 08:00:37.224,1.70542,1.70557,1.12,1.37
2016.01.13 08:00:37.328,1.7054,1.70556,1.00,1.50
2016.01.13 08:00:37.400,1.7054,1.70556,1.00,2.25
2016.01.13 08:00:37.911,1.70538,1.70556,1.75,2.32
2016.01.13 08:00:38.267,1.70535,1.70555,2.25,1.87
2016.01.13 08:00:38.377,1.70534,1.70552,1.20,1.87
2016.01.13 08:00:38.531,1.70534,1.70551,1.12,1.12
2016.01.13 08:00:38.837,1.70533,1.70549,1.37,1.37
2016.01.13 08:00:39.325,1.70531,1.70547,1.37,2.25
2016.01.13 08:00:39.840,1.70534,1.70549,1.00,3.00
2016.01.13 08:00:39.943,1.70534,1.7055,1.00,3.45
2016.01.13 08:00:40.045,1.70536,1.7055,1.00,1.57
2016.01.13 08:00:40.152,1.70538,1.7055,1.00,1.00
2016.01.13 08:00:40.414,1.70535,1.7055,1.50,1.00
2016.01.13 08:00:40.466,1.70538,1.7055,1.00,1.00
2016.01.13 08:00:40.772,1.70538,1.70553,1.00,1.10
2016.01.13 08:00:40.823,1.70541,1.70553,1.00,1.00
2016.01.13 08:00:41.334,1.7054,1.70556,1.37,1.37
2016.01.13 08:00:41.487,1.7054,1.70556,1.00,1.00
2016.01.13 08:00:41.590,1.7054,1.70556,1.00,1.37
2016.01.13 08:00:41.793,1.70543,1.70559,1.00,1.37
2016.01.13 08:00:41.896,1.70547,1.70561,1.00,3.00
2016.01.13 08:00:42.254,1.70547,1.70562,1.00,1.50
2016.01.13 08:00:42.305,1.7055,1.70562,1.00,1.50
2016.01.13 08:00:42.357,1.7055,1.70563,1.00,1.12
2016.01.13 08:00:42.560,1.70547,1.70563,1.00,1.12
2016.01.13 08:00:43.062,1.70548,1.70564,1.00,1.20
2016.01.13 08:00:43.369,1.70551,1.70567,1.00,1.12
2016.01.13 08:00:43.471,1.7055,1.70569,2.25,1.12
2016.01.13 08:00:43.522,1.70552,1.7057,1.37,1.87
2016.01.13 08:00:43.757,1.70555,1.70573,1.00,3.15
2016.01.13 08:00:43.809,1.70555,1.70573,1.00,3.15
2016.01.13 08:00:44.267,1.70551,1.70569,1.57,1.50
2016.01.13 08:00:44.370,1.70552,1.70566,1.00,1.37
2016.01.13 08:00:44.574,1.7055,1.70567,1.20,1.12
2016.01.13 08:00:44.769,1.70556,1.70573,1.37,1.95
2016.01.13 08:00:44.871,1.70558,1.70576,2.62,1.65
2016.01.13 08:00:45.077,1.70562,1.70579,1.00,1.20
2016.01.13 08:00:45.384,1.70561,1.70578,3.45,1.37
2016.01.13 08:00:45.597,1.70561,1.70578,1.12,1.87
2016.01.13 08:00:45.954,1.70566,1.70581,1.50,1.00
2016.01.13 08:00:46.158,1.70566,1.70583,1.87,1.12
2016.01.13 08:00:46.502,1.70564,1.7058,2.25,1.50
2016.01.13 08:00:46.757,1.70564,1.70581,1.87,1.00
2016.01.13 08:00:46.859,1.70564,1.70581,1.87,1.87
2016.01.13 08:00:47.063,1.70563,1.70581,4.12,1.50
2016.01.13 08:00:47.114,1.70569,1.70581,1.00,1.00
2016.01.13 08:00:47.386,1.70574,1.70592,1.50,2.25
2016.01.13 08:00:47.439,1.70575,1.70592,1.47,2.62
2016.01.13 08:00:47.592,1.70572,1.70589,1.12,1.12
2016.01.13 08:00:47.645,1.7057,1.70584,1.87,1.00
2016.01.13 08:00:48.176,1.7057,1.70585,1.87,1.37
2016.01.13 08:00:48.533,1.70573,1.70586,1.37,1.37
2016.01.13 08:00:48.686,1.70574,1.7059,1.12,1.87
2016.01.13 08:00:48.940,1.70576,1.7059,1.00,1.87
2016.01.13 08:00:50.066,1.70577,1.70593,2.25,1.87
2016.01.13 08:00:50.184,1.70582,1.70593,1.00,1.37
2016.01.13 08:00:50.236,1.70582,1.70599,2.32,1.50
2016.01.13 08:00:50.798,1.70585,1.706,1.00,1.50
2016.01.13 08:00:50.951,1.70585,1.70602,1.95,1.50
2016.01.13 08:00:51.038,1.70585,1.70602,3.45,1.00
2016.01.13 08:00:51.395,1.7059,1.70604,1.87,1.37
2016.01.13 08:00:51.499,1.70593,1.7061,1.75,1.12
2016.01.13 08:00:51.552,1.70599,1.70612,1.00,1.57
2016.01.13 08:00:51.604,1.706,1.70614,1.37,1.95
2016.01.13 08:00:51.656,1.70602,1.70616,1.50,1.87
2016.01.13 08:00:51.708,1.70602,1.70616,2.32,1.00
2016.01.13 08:00:52.167,1.70598,1.70613,2.70,1.00
2016.01.13 08:00:52.269,1.70598,1.70616,3.07,1.00
2016.01.13 08:00:52.474,1.70598,1.70615,1.47,1.50
2016.01.13 08:00:52.759,1.70597,1.70613,1.20,1.12
2016.01.13 08:00:53.574,1.70596,1.70613,2.25,1.50
2016.01.13 08:00:53.859,1.70596,1.70608,2.25,1.00
2016.01.13 08:00:54.170,1.706,1.70615,1.50,1.75
2016.01.13 08:00:54.273,1.706,1.70615,1.37,1.00
2016.01.13 08:00:54.478,1.70601,1.70617,2.25,1.00
2016.01.13 08:00:54.587,1.70605,1.7062,1.50,1.37
2016.01.13 08:00:54.640,1.70605,1.7062,1.50,1.00
2016.01.13 08:00:55.153,1.70604,1.7062,1.57,1.00
2016.01.13 08:00:55.204,1.70604,1.7062,1.00,1.00
2016.01.13 08:00:55.956,1.70602,1.70619,2.70,1.12
2016.01.13 08:00:56.008,1.70603,1.70615,1.47,1.00
2016.01.13 08:00:56.213,1.70601,1.70615,1.10,1.12
2016.01.13 08:00:56.684,1.70602,1.70618,1.37,1.00
2016.01.13 08:00:56.991,1.70604,1.7062,2.25,1.00
2016.01.13 08:00:57.450,1.70604,1.7062,1.50,1.00
2016.01.13 08:00:57.866,1.70604,1.70617,1.50,1.00
2016.01.13 08:00:58.173,1.706,1.70613,1.00,1.00
2016.01.13 08:00:58.479,1.70593,1.70608,1.20,1.00
2016.01.13 08:00:58.581,1.70593,1.70608,1.37,1.00
2016.01.13 08:00:58.702,1.70593,1.70611,1.37,1.57
2016.01.13 08:00:59.009,1.70599,1.70614,1.50,1.00
2016.01.13 08:00:59.264,1.706,1.70615,1.12,1.00
2016.01.13 08:00:59.420,1.706,1.70618,1.87,1.87
2016.01.13 08:00:59.472,1.706,1.70618,2.25,1.50
2016.01.13 08:00:59.996,1.70603,1.7062,1.20,1.37
2016.01.13 08:01:00.201,1.70608,1.70624,1.37,1.00
2016.01.13 08:01:00.304,1.70609,1.70627,3.37,3.00
2016.01.13 08:01:00.803,1.70607,1.70625,1.65,1.12
2016.01.13 08:01:01.314,1.70607,1.70623,2.40,1.00
2016.01.13 08:01:01.530,1.70607,1.70622,1.20,1.87
2016.01.13 08:01:01.734,1.70603,1.70621,1.50,1.12
2016.01.13 08:01:01.889,1.706,1.70619,3.82,1.37
2016.01.13 08:01:02.398,1.706,1.70619,2.70,1.12
2016.01.13 08:01:02.749,1.70598,1.70613,1.07,1.87
2016.01.13 08:01:03.005,1.70594,1.70609,1.12,1.00
2016.01.13 08:01:03.056,1.70594,1.70604,1.00,1.87
2016.01.13 08:01:03.108,1.7059,1.70604,2.25,2.62
2016.01.13 08:01:03.160,1.70589,1.706,1.37,1.87
2016.01.13 08:01:03.211,1.70585,1.706,1.20,1.87
2016.01.13 08:01:03.364,1.7058,1.7059,1.87,1.87
2016.01.13 08:01:03.419,1.70579,1.7059,1.12,1.87
2016.01.13 08:01:03.726,1.70579,1.70591,1.00,1.37
2016.01.13 08:01:03.828,1.70578,1.70594,1.00,1.37
2016.01.13 08:01:04.034,1.7058,1.70594,1.12,1.12
2016.01.13 08:01:04.961,1.70577,1.70594,1.37,1.37
2016.01.13 08:01:05.478,1.70575,1.70592,2.32,1.37
2016.01.13 08:01:05.530,1.70575,1.70591,1.00,1.12
2016.01.13 08:01:05.583,1.70572,1.70591,2.62,1.75
2016.01.13 08:01:05.890,1.70569,1.70587,1.87,1.12
2016.01.13 08:01:05.942,1.70571,1.70585,1.00,1.00
2016.01.13 08:01:06.254,1.70579,1.70593,1.50,1.12
2016.01.13 08:01:06.563,1.70582,1.70597,1.00,1.95
2016.01.13 08:01:06.869,1.7058,1.70595,1.00,1.37
2016.01.13 08:01:07.074,1.70579,1.70595,1.00,1.75
2016.01.13 08:01:07.329,1.70576,1.70591,1.37,1.12
2016.01.13 08:01:08.067,1.70578,1.70591,1.00,1.00
2016.01.13 08:01:08.323,1.70578,1.70594,1.00,1.50
2016.01.13 08:01:08.833,1.70577,1.70594,1.00,1.50
2016.01.13 08:01:08.884,1.70576,1.70594,1.50,1.50
2016.01.13 08:01:09.428,1.70575,1.70591,2.62,1.00
2016.01.13 08:01:09.734,1.70574,1.70591,2.62,1.37
2016.01.13 08:01:09.888,1.70574,1.70591,1.50,1.12
2016.01.13 08:01:10.082,1.70572,1.70588,1.00,1.12
2016.01.13 08:01:10.184,1.70573,1.70588,1.50,1.00
2016.01.13 08:01:10.491,1.70575,1.7059,1.00,1.50
2016.01.13 08:01:10.802,1.7058,1.70592,1.00,3.00
2016.01.13 08:01:10.854,1.7058,1.70592,1.00,1.12
2016.01.13 08:01:10.905,1.70577,1.70592,2.62,1.00
2016.01.13 08:01:11.001,1.70579,1.70594,1.00,1.47
2016.01.13 08:01:11.512,1.7058,1.70595,1.00,2.62
2016.01.13 08:01:12.851,1.70579,1.70595,2.62,1.87
2016.01.13 08:01:14.122,1.70582,1.70595,1.00,1.87
2016.01.13 08:01:14.174,1.70581,1.70596,1.00,1.00
2016.01.13 08:01:14.633,1.70582,1.70599,1.37,1.50
2016.01.13 08:01:14.735,1.70582,1.70601,1.87,1.65
2016.01.13 08:01:14.787,1.70583,1.70601,1.37,1.87
2016.01.13 08:01:14.838,1.70587,1.70601,1.00,1.87
2016.01.13 08:01:15.105,1.70584,1.70601,1.87,2.25
2016.01.13 08:01:15.616,1.70584,1.70597,1.50,1.00
2016.01.13 08:01:15.924,1.70582,1.70596,1.00,2.25
2016.01.13 08:01:16.181,1.7058,1.70594,1.00,1.00
2016.01.13 08:01:16.690,1.70584,1.70597,1.00,1.87
2016.01.13 08:01:16.945,1.70582,1.70598,1.00,3.00
2016.01.13 08:01:17.738,1.70583,1.70598,1.00,1.87
2016.01.13 08:01:18.253,1.70581,1.70598,2.32,1.87
2016.01.13 08:01:19.174,1.70583,1.70598,1.00,1.87
2016.01.13 08:01:19.501,1.70596,1.70603,1.00,1.87
2016.01.13 08:01:19.553,1.70598,1.70607,1.37,1.87
2016.01.13 08:01:19.655,1.70596,1.70607,1.37,1.87
2016.01.13 08:01:19.912,1.70595,1.70613,3.00,1.50
2016.01.13 08:01:20.322,1.70599,1.70615,1.12,2.25
2016.01.13 08:01:20.425,1.70599,1.70616,1.12,1.47
2016.01.13 08:01:20.629,1.70599,1.70617,2.62,1.50
2016.01.13 08:01:21.497,1.70599,1.70615,2.25,1.00
2016.01.13 08:01:21.548,1.70599,1.70615,1.12,1.00
2016.01.13 08:01:21.958,1.70598,1.70613,1.00,1.00
2016.01.13 08:01:22.269,1.70595,1.70611,1.87,1.12
2016.01.13 08:01:22.880,1.70597,1.70611,1.37,1.12
2016.01.13 08:01:23.548,1.70598,1.70611,1.37,1.50
2016.01.13 08:01:23.650,1.70595,1.70611,1.00,1.50
2016.01.13 08:01:23.701,1.70595,1.70609,1.00,1.00
2016.01.13 08:01:24.009,1.70591,1.70597,1.75,1.00
2016.01.13 08:01:24.061,1.70586,1.70594,1.00,2.62
2016.01.13 08:01:24.188,1.70579,1.7059,1.50,1.00
2016.01.13 08:01:24.550,1.70579,1.7059,1.37,1.12
2016.01.13 08:01:24.653,1.70576,1.70587,1.00,1.12
2016.01.13 08:01:24.858,1.70576,1.70588,1.87,1.12
2016.01.13 08:01:24.961,1.70577,1.70591,1.87,1.20
2016.01.13 08:01:25.164,1.70584,1.70595,1.37,1.12
2016.01.13 08:01:25.368,1.70581,1.70595,2.62,1.37
2016.01.13 08:01:25.674,1.70583,1.70596,1.37,1.12
2016.01.13 08:01:26.182,1.70584,1.70595,1.37,1.37
2016.01.13 08:01:26.386,1.70584,1.70598,1.50,1.37
2016.01.13 08:01:26.640,1.70585,1.70598,1.87,1.37
2016.01.13 08:01:26.743,1.70587,1.70603,3.00,1.00
2016.01.13 08:01:26.794,1.70592,1.70603,2.25,1.00
2016.01.13 08:01:27.107,1.70602,1.70617,2.25,3.37
2016.01.13 08:01:27.618,1.70602,1.70617,1.87,3.00
2016.01.13 08:01:27.720,1.70601,1.70617,1.12,3.37
2016.01.13 08:01:28.234,1.70602,1.70614,1.00,1.37
2016.01.13 08:01:28.540,1.70599,1.70615,2.62,2.62
2016.01.13 08:01:29.051,1.706,1.70615,2.25,1.87
2016.01.13 08:01:29.153,1.70599,1.70613,1.50,1.75
2016.01.13 08:01:29.244,1.70598,1.70611,1.87,1.50
2016.01.13 08:01:29.449,1.70596,1.70611,1.37,1.50
2016.01.13 08:01:29.501,1.70594,1.70611,2.70,1.87
2016.01.13 08:01:29.552,1.70594,1.7061,2.32,1.37
2016.01.13 08:01:30.061,1.70594,1.70608,1.00,1.50
2016.01.13 08:01:30.372,1.70595,1.70611,1.87,1.75
2016.01.13 08:01:30.578,1.70596,1.70611,1.75,1.50
2016.01.13 08:01:30.987,1.70598,1.70613,2.62,1.12
2016.01.13 08:01:31.089,1.706,1.70613,1.37,1.37
2016.01.13 08:01:31.756,1.70601,1.70618,1.87,2.77
2016.01.13 08:01:31.859,1.70603,1.70618,1.12,1.00
2016.01.13 08:01:32.165,1.70602,1.70617,1.50,1.87
2016.01.13 08:01:32.458,1.70599,1.70614,1.50,1.12
2016.01.13 08:01:32.662,1.70598,1.70613,1.12,1.12
2016.01.13 08:01:32.969,1.70594,1.70609,1.87,2.25
2016.01.13 08:01:33.275,1.70597,1.70609,1.50,1.37
2016.01.13 08:01:33.790,1.70596,1.7061,2.25,1.50
2016.01.13 08:01:34.197,1.70594,1.70608,1.20,1.00
2016.01.13 08:01:34.401,1.70592,1.70608,1.47,1.50
2016.01.13 08:01:34.452,1.70592,1.70608,1.20,1.50
2016.01.13 08:01:34.984,1.70593,1.70606,1.00,1.12
2016.01.13 08:01:35.297,1.70596,1.70607,1.37,1.00
2016.01.13 08:01:35.502,1.706,1.70613,1.37,1.00
2016.01.13 08:01:35.713,1.70601,1.70616,1.87,1.00
2016.01.13 08:01:35.815,1.70601,1.70613,1.87,1.00
2016.01.13 08:01:36.071,1.70596,1.70609,1.87,1.00
2016.01.13 08:01:36.122,1.70595,1.70607,1.87,1.00
2016.01.13 08:01:36.275,1.70592,1.70605,1.00,1.57
2016.01.13 08:01:36.377,1.70591,1.70602,1.87,1.00
2016.01.13 08:01:36.791,1.70593,1.70604,1.37,1.50
2016.01.13 08:01:37.299,1.70592,1.70604,1.37,1.37
2016.01.13 08:01:37.808,1.70593,1.70604,1.37,1.00
2016.01.13 08:01:38.127,1.70596,1.70609,1.37,1.37
2016.01.13 08:01:38.179,1.70596,1.70609,1.50,1.00
2016.01.13 08:01:38.281,1.70594,1.70608,1.75,1.00
2016.01.13 08:01:38.383,1.70594,1.70607,1.12,1.00
2016.01.13 08:01:38.435,1.70592,1.70605,1.50,1.00
2016.01.13 08:01:38.587,1.7059,1.70604,1.00,1.12
2016.01.13 08:01:38.999,1.70591,1.70608,3.00,1.37
2016.01.13 08:01:39.307,1.70602,1.70614,1.12,1.00
2016.01.13 08:01:39.613,1.70611,1.70625,1.37,1.12
2016.01.13 08:01:39.665,1.70612,1.70626,1.12,2.62
2016.01.13 08:01:39.862,1.70614,1.70625,1.37,1.00
2016.01.13 08:01:40.119,1.7061,1.70625,1.50,1.12
2016.01.13 08:01:40.989,1.7061,1.70622,1.87,1.00
2016.01.13 08:01:41.142,1.7061,1.70625,1.87,1.00
2016.01.13 08:01:41.396,1.70613,1.70624,1.37,1.00
2016.01.13 08:01:41.752,1.70613,1.70622,1.37,1.00
2016.01.13 08:01:41.908,1.70609,1.70622,2.62,1.00
2016.01.13 08:01:42.422,1.7061,1.70622,1.50,1.00
2016.01.13 08:01:42.626,1.70612,1.70625,1.37,1.00
2016.01.13 08:01:43.088,1.70608,1.70624,1.87,1.00
2016.01.13 08:01:43.598,1.7061,1.70625,1.12,1.00
2016.01.13 08:01:44.038,1.7061,1.70623,1.37,1.00
2016.01.13 08:01:44.296,1.70608,1.70623,1.00,1.12
2016.01.13 08:01:44.798,1.70608,1.70624,2.25,1.00
2016.01.13 08:01:45.309,1.70612,1.70625,1.12,1.00
2016.01.13 08:01:45.411,1.70612,1.70627,1.12,1.12
2016.01.13 08:01:45.667,1.70613,1.70628,1.37,1.37
2016.01.13 08:01:45.924,1.70613,1.70631,1.75,1.87
2016.01.13 08:01:46.128,1.70616,1.70632,1.50,1.00
2016.01.13 08:01:46.230,1.70618,1.70633,1.37,1.12
2016.01.13 08:01:47.495,1.70618,1.70631,1.87,1.00
2016.01.13 08:01:48.211,1.70619,1.70633,1.50,1.00
2016.01.13 08:01:48.263,1.70619,1.70635,1.50,1.50
2016.01.13 08:01:48.721,1.70621,1.70636,1.87,1.00
2016.01.13 08:01:48.930,1.70624,1.70638,1.95,1.00
2016.01.13 08:01:49.135,1.70624,1.70638,2.25,1.00
2016.01.13 08:01:49.667,1.70623,1.70635,1.37,1.00
2016.01.13 08:01:50.623,1.70623,1.70638,1.95,1.12
2016.01.13 08:01:51.140,1.70626,1.70638,1.00,1.00
2016.01.13 08:01:51.654,1.70624,1.70637,1.95,1.00
2016.01.13 08:01:51.756,1.70624,1.70639,1.95,1.00
2016.01.13 08:01:52.447,1.70624,1.70636,1.45,1.00
2016.01.13 08:01:52.925,1.70622,1.70629,1.10,1.00
2016.01.13 08:01:53.079,1.70615,1.70626,1.85,1.00
2016.01.13 08:01:53.131,1.70613,1.70626,1.47,1.00
2016.01.13 08:01:53.182,1.70612,1.70624,1.50,1.00
2016.01.13 08:01:53.487,1.70609,1.70621,1.20,1.00
2016.01.13 08:01:53.860,1.70609,1.7062,1.10,1.00
2016.01.13 08:01:54.388,1.70608,1.7062,2.32,1.00
2016.01.13 08:01:54.889,1.70608,1.7062,1.37,1.00
2016.01.13 08:01:55.245,1.70607,1.7062,1.12,1.00
2016.01.13 08:01:55.348,1.70608,1.70617,1.00,1.00
2016.01.13 08:01:55.450,1.70605,1.70617,1.20,1.00
2016.01.13 08:01:55.502,1.70605,1.70615,1.00,1.00
2016.01.13 08:01:55.655,1.70601,1.70613,1.12,1.00
2016.01.13 08:01:56.008,1.70601,1.70615,1.12,1.00
2016.01.13 08:01:56.110,1.70603,1.70615,1.37,1.00
2016.01.13 08:01:56.314,1.70605,1.70618,1.37,1.00
2016.01.13 08:01:56.366,1.70605,1.7062,1.37,1.00
2016.01.13 08:01:56.876,1.70607,1.70619,1.00,1.00
2016.01.13 08:01:57.036,1.70607,1.70621,1.00,1.00
2016.01.13 08:01:57.544,1.70608,1.70621,1.00,1.00
2016.01.13 08:01:57.850,1.70608,1.70625,1.57,1.37
2016.01.13 08:01:57.901,1.70613,1.70628,1.00,1.12
2016.01.13 08:01:58.438,1.70612,1.70625,1.27,1.00
2016.01.13 08:01:58.954,1.70613,1.70625,1.00,1.00
2016.01.13 08:01:59.443,1.7061,1.70618,1.37,1.00
2016.01.13 08:01:59.546,1.70608,1.70616,1.12,1.00
2016.01.13 08:01:59.598,1.70606,1.70614,1.37,1.00
2016.01.13 08:01:59.649,1.70603,1.70612,2.32,1.00
2016.01.13 08:01:59.702,1.70602,1.7061,1.37,1.00
2016.01.13 08:01:59.805,1.70599,1.70609,1.00,1.00
2016.01.13 08:01:59.856,1.70599,1.70607,1.50,1.00
2016.01.13 08:01:59.958,1.70596,1.70605,1.10,1.00
2016.01.13 08:02:00.061,1.70591,1.70602,1.85,1.00
2016.01.13 08:02:00.112,1.70591,1.70602,1.37,1.00
2016.01.13 08:02:00.285,1.70594,1.70604,1.37,1.12
2016.01.13 08:02:00.645,1.7059,1.70602,2.32,1.00
2016.01.13 08:02:01.156,1.70589,1.70601,2.32,1.00
2016.01.13 08:02:01.332,1.7059,1.70603,1.12,1.00
2016.01.13 08:02:01.435,1.70595,1.70602,1.37,1.00
2016.01.13 08:02:01.538,1.70588,1.706,1.75,1.00
2016.01.13 08:02:01.589,1.70588,1.70596,1.75,1.00
2016.01.13 08:02:01.641,1.70586,1.70596,2.32,1.00
2016.01.13 08:02:01.795,1.70586,1.70593,1.87,1.00
2016.01.13 08:02:01.849,1.70583,1.70592,1.20,1.00
2016.01.13 08:02:02.100,1.70583,1.70595,1.00,1.50
2016.01.13 08:02:02.153,1.70585,1.70595,1.50,1.12
2016.01.13 08:02:02.306,1.70585,1.70598,1.50,1.00
2016.01.13 08:02:02.562,1.7059,1.70598,1.37,1.00
2016.01.13 08:02:03.345,1.7059,1.706,1.37,1.00
2016.01.13 08:02:03.855,1.70592,1.70601,1.00,1.00
2016.01.13 08:02:04.398,1.70593,1.70604,1.00,1.12
2016.01.13 08:02:04.449,1.70594,1.70605,1.37,1.37
2016.01.13 08:02:04.755,1.70597,1.70606,1.37,1.00
2016.01.13 08:02:05.092,1.70601,1.70608,1.37,1.00
2016.01.13 08:02:05.143,1.706,1.7061,1.37,1.00
2016.01.13 08:02:05.194,1.706,1.70608,1.37,1.00
2016.01.13 08:02:05.347,1.70598,1.70608,1.85,1.00
2016.01.13 08:02:05.449,1.70596,1.70607,1.10,1.00
2016.01.13 08:02:05.551,1.706,1.70607,1.37,1.00
2016.01.13 08:02:05.733,1.70596,1.70607,1.37,1.00
2016.01.13 08:02:06.351,1.70596,1.70606,1.37,1.00
2016.01.13 08:02:06.871,1.70596,1.70607,1.12,1.00
2016.01.13 08:02:07.413,1.70598,1.7061,1.00,1.00
2016.01.13 08:02:07.566,1.706,1.70614,1.00,1.00
2016.01.13 08:02:07.691,1.706,1.70615,1.87,1.00
2016.01.13 08:02:07.803,1.70604,1.70619,3.45,1.00
2016.01.13 08:02:08.057,1.70607,1.70619,1.85,1.00
2016.01.13 08:02:08.762,1.70607,1.70621,2.32,1.00
2016.01.13 08:02:09.068,1.70611,1.70622,1.00,1.00
2016.01.13 08:02:09.373,1.7061,1.70622,1.12,1.00
2016.01.13 08:02:09.674,1.70609,1.70622,1.47,1.00
2016.01.13 08:02:09.981,1.70609,1.70625,1.85,1.00
2016.01.13 08:02:10.084,1.70611,1.70625,1.37,1.00
2016.01.13 08:02:10.463,1.70612,1.70622,1.20,1.00
2016.01.13 08:02:10.667,1.7061,1.70622,1.57,1.00
2016.01.13 08:02:10.769,1.70609,1.7062,2.25,1.00
2016.01.13 08:02:11.076,1.70607,1.70616,1.37,1.00
2016.01.13 08:02:11.178,1.70605,1.70616,1.12,1.00
2016.01.13 08:02:11.305,1.70603,1.70614,3.00,1.00
2016.01.13 08:02:11.458,1.70601,1.70611,1.12,1.00
2016.01.13 08:02:11.562,1.70599,1.70611,1.00,1.00
2016.01.13 08:02:12.101,1.70597,1.70612,1.57,1.00
2016.01.13 08:02:12.203,1.706,1.70612,1.00,1.00
2016.01.13 08:02:12.508,1.70598,1.70609,1.85,1.00
2016.01.13 08:02:12.763,1.70598,1.70611,1.85,1.00
2016.01.13 08:02:12.916,1.706,1.70608,1.00,1.00
2016.01.13 08:02:13.084,1.706,1.70611,1.00,1.00
2016.01.13 08:02:13.135,1.706,1.70609,1.00,1.00
2016.01.13 08:02:13.187,1.706,1.70612,1.00,1.00
2016.01.13 08:02:13.289,1.706,1.7061,1.00,1.00
2016.01.13 08:02:13.597,1.706,1.70614,1.00,1.00
2016.01.13 08:02:13.699,1.70603,1.70616,1.00,1.00
2016.01.13 08:02:14.011,1.70605,1.7062,1.20,1.00
2016.01.13 08:02:14.320,1.70606,1.70617,1.12,1.00
2016.01.13 08:02:14.473,1.70604,1.70617,1.87,1.00
2016.01.13 08:02:14.525,1.70609,1.7062,1.00,1.00
2016.01.13 08:02:14.576,1.70609,1.70624,1.12,1.57
2016.01.13 08:02:14.627,1.70611,1.70624,1.00,1.37
2016.01.13 08:02:14.940,1.70615,1.70626,1.50,1.00
2016.01.13 08:02:15.245,1.7061,1.70622,2.20,1.00
2016.01.13 08:02:15.508,1.7061,1.70622,1.87,1.00
2016.01.13 08:02:15.813,1.70611,1.70622,1.27,1.00
2016.01.13 08:02:15.968,1.70611,1.70626,1.27,1.00
2016.01.13 08:02:16.279,1.70611,1.70627,2.40,1.00
2016.01.13 08:02:16.892,1.70615,1.70625,1.12,1.00
2016.01.13 08:02:17.706,1.70615,1.70628,1.12,1.00
2016.01.13 08:02:18.245,1.70614,1.70628,1.20,1.00
2016.01.13 08:02:18.603,1.70614,1.7063,2.70,1.00
2016.01.13 08:02:18.756,1.70619,1.70633,1.47,1.37
2016.01.13 08:02:18.910,1.7062,1.70635,1.82,1.00
2016.01.13 08:02:19.255,1.70621,1.70632,3.37,1.00
2016.01.13 08:02:19.307,1.70621,1.70634,2.20,1.00
2016.01.13 08:02:19.410,1.70621,1.70634,1.47,1.00
2016.01.13 08:02:19.512,1.70621,1.70632,1.47,1.00
2016.01.13 08:02:19.616,1.70621,1.70635,1.47,1.00
2016.01.13 08:02:20.394,1.70622,1.70636,1.20,1.00
2016.01.13 08:02:20.547,1.70626,1.70639,1.00,1.50
2016.01.13 08:02:20.852,1.70629,1.7064,1.37,1.00
2016.01.13 08:02:21.106,1.70627,1.70638,1.50,1.00
2016.01.13 08:02:21.259,1.70627,1.70633,1.00,1.00
2016.01.13 08:02:21.412,1.70622,1.70632,1.12,1.00
2016.01.13 08:02:21.515,1.70621,1.70633,1.37,1.00
2016.01.13 08:02:21.566,1.70621,1.70637,1.87,1.00
2016.01.13 08:02:21.617,1.70624,1.70637,1.75,1.00
2016.01.13 08:02:21.822,1.70629,1.70642,1.12,1.00
2016.01.13 08:02:22.519,1.70628,1.70642,1.95,1.00
2016.01.13 08:02:22.825,1.70633,1.70642,1.00,1.00
2016.01.13 08:02:23.189,1.70627,1.70635,1.12,1.00
2016.01.13 08:02:23.241,1.70627,1.70635,1.00,1.00
2016.01.13 08:02:23.394,1.70625,1.70632,1.00,1.00
2016.01.13 08:02:23.548,1.7062,1.70632,1.20,1.00
2016.01.13 08:02:23.777,1.7062,1.70634,1.95,1.00
2016.01.13 08:02:23.828,1.70621,1.70634,1.12,1.00
2016.01.13 08:02:23.879,1.70621,1.70636,2.20,1.00
2016.01.13 08:02:23.931,1.70624,1.70636,1.12,1.00
2016.01.13 08:02:24.319,1.70623,1.70635,1.12,1.00
2016.01.13 08:02:24.421,1.70621,1.70631,1.50,1.00
2016.01.13 08:02:24.626,1.70616,1.70626,1.00,1.00
2016.01.13 08:02:24.832,1.70614,1.70624,1.37,1.00
2016.01.13 08:02:24.947,1.70611,1.70624,1.87,1.00
2016.01.13 08:02:25.202,1.70611,1.70624,1.37,1.00
2016.01.13 08:02:25.405,1.70613,1.70628,1.57,1.00
2016.01.13 08:02:25.507,1.70615,1.7063,3.37,1.00
2016.01.13 08:02:25.809,1.7062,1.7063,1.37,1.00
2016.01.13 08:02:25.860,1.7062,1.70632,1.75,1.00
2016.01.13 08:02:26.116,1.7062,1.70634,1.12,1.00
2016.01.13 08:02:26.220,1.7062,1.70634,1.50,1.00
2016.01.13 08:02:26.373,1.70622,1.70634,1.00,1.12
2016.01.13 08:02:26.425,1.70622,1.70638,1.87,1.00
2016.01.13 08:02:26.527,1.70627,1.70641,1.00,1.00
2016.01.13 08:02:26.688,1.70632,1.70648,1.12,1.95
2016.01.13 08:02:26.791,1.70635,1.7065,1.50,1.50
2016.01.13 08:02:26.843,1.70639,1.7065,1.00,1.50
2016.01.13 08:02:26.946,1.7064,1.70652,1.00,1.50
2016.01.13 08:02:27.000,1.70638,1.70652,2.62,1.50
2016.01.13 08:02:27.102,1.70638,1.70651,1.37,1.12
2016.01.13 08:02:27.153,1.70638,1.70651,1.00,1.00
2016.01.13 08:02:27.205,1.70637,1.70651,2.62,1.00
2016.01.13 08:02:27.507,1.70641,1.70651,1.00,1.00
2016.01.13 08:02:27.610,1.70641,1.70654,1.00,1.00
2016.01.13 08:02:27.814,1.70643,1.70654,1.37,1.00
2016.01.13 08:02:28.275,1.70641,1.70654,2.62,1.00
2016.01.13 08:02:28.805,1.70641,1.70653,2.62,1.00
2016.01.13 08:02:29.009,1.7064,1.70649,1.57,1.00
2016.01.13 08:02:29.061,1.7064,1.70649,1.00,1.00
2016.01.13 08:02:29.265,1.70638,1.70649,1.00,1.00
2016.01.13 08:02:30.000,1.70638,1.70652,1.00,1.00
2016.01.13 08:02:30.052,1.70638,1.70649,1.00,1.00
2016.01.13 08:02:30.357,1.70637,1.70649,3.00,1.00
2016.01.13 08:02:30.409,1.70637,1.70649,1.75,1.00
2016.01.13 08:02:30.809,1.70635,1.7065,1.47,1.00
2016.01.13 08:02:30.912,1.70635,1.7065,2.70,1.00
2016.01.13 08:02:31.457,1.70635,1.70649,2.32,1.00
2016.01.13 08:02:31.945,1.70638,1.70649,1.00,1.00
2016.01.13 08:02:32.406,1.70634,1.70646,1.82,1.00
2016.01.13 08:02:32.458,1.70634,1.70646,1.12,1.00
2016.01.13 08:02:32.560,1.70634,1.70646,1.12,1.00
2016.01.13 08:02:32.612,1.70634,1.70643,1.12,1.00
2016.01.13 08:02:33.091,1.7063,1.70642,1.37,1.00
2016.01.13 08:02:33.142,1.7063,1.70642,1.00,1.00
2016.01.13 08:02:33.549,1.7063,1.70643,1.37,1.00
2016.01.13 08:02:33.601,1.7063,1.70646,2.25,1.00
2016.01.13 08:02:33.653,1.70631,1.70648,3.00,1.10
2016.01.13 08:02:33.959,1.70638,1.70653,1.20,1.00
2016.01.13 08:02:34.264,1.70639,1.70648,1.00,1.00
2016.01.13 08:02:34.570,1.70632,1.7064,1.00,1.00
2016.01.13 08:02:34.678,1.70627,1.7064,2.32,1.00
2016.01.13 08:02:35.391,1.70627,1.70641,2.40,1.00
2016.01.13 08:02:35.493,1.7063,1.70644,1.00,1.00
2016.01.13 08:02:35.696,1.70633,1.70644,1.12,1.00
2016.01.13 08:02:36.222,1.70632,1.70645,1.57,1.00
2016.01.13 08:02:37.434,1.70633,1.70647,2.25,1.00
2016.01.13 08:02:38.250,1.70634,1.70647,1.95,1.00
2016.01.13 08:02:38.404,1.70634,1.70649,3.45,1.00
2016.01.13 08:02:38.827,1.70636,1.70651,1.82,1.00
2016.01.13 08:02:38.878,1.70638,1.70649,1.37,1.00
2016.01.13 08:02:39.635,1.70638,1.70652,2.62,1.00
2016.01.13 08:02:39.840,1.70639,1.70652,1.57,1.00
2016.01.13 08:02:39.943,1.7064,1.70654,1.75,1.00
2016.01.13 08:02:40.026,1.70644,1.70654,1.75,1.00
2016.01.13 08:02:40.078,1.70644,1.70657,1.75,1.00
2016.01.13 08:02:40.626,1.70647,1.70658,1.00,1.00
2016.01.13 08:02:41.136,1.70647,1.70659,1.00,1.00
2016.01.13 08:02:42.155,1.70647,1.70657,1.00,1.00
2016.01.13 08:02:42.463,1.70644,1.70655,1.37,1.00
2016.01.13 08:02:42.769,1.70641,1.70656,1.20,1.00
2016.01.13 08:02:42.821,1.70641,1.70654,1.20,1.00
2016.01.13 08:02:43.128,1.70641,1.70654,1.82,1.00
2016.01.13 08:02:43.484,1.70642,1.70656,1.47,1.00
2016.01.13 08:02:43.588,1.70644,1.70656,1.37,1.00
2016.01.13 08:02:43.690,1.70645,1.70659,1.00,1.00
2016.01.13 08:02:43.793,1.70645,1.70659,1.12,1.00
2016.01.13 08:02:44.302,1.70646,1.70659,1.00,1.00
2016.01.13 08:02:44.627,1.70646,1.70656,1.00,1.00
2016.01.13 08:02:44.935,1.70648,1.70656,1.00,1.00
2016.01.13 08:02:45.650,1.70646,1.70656,1.12,1.00
2016.01.13 08:02:47.746,1.70646,1.70658,1.12,1.00
2016.01.13 08:02:47.798,1.70646,1.70656,1.12,1.00
2016.01.13 08:02:48.360,1.70646,1.70655,1.12,1.00
2016.01.13 08:02:48.514,1.70644,1.70655,1.00,1.00
2016.01.13 08:02:49.228,1.70643,1.70654,1.57,1.00
2016.01.13 08:02:50.377,1.70644,1.70654,1.37,1.00
2016.01.13 08:02:51.003,1.70644,1.70654,1.24,1.00
2016.01.13 08:02:51.106,1.70643,1.70654,1.49,1.00
2016.01.13 08:02:51.208,1.70641,1.70652,1.39,1.00
2016.01.13 08:02:51.361,1.70639,1.7065,1.47,1.00
2016.01.13 08:02:51.413,1.70639,1.70648,1.47,1.00
2016.01.13 08:02:51.572,1.70638,1.70647,1.00,1.00
2016.01.13 08:02:51.624,1.70637,1.70644,1.57,1.00
2016.01.13 08:02:51.728,1.70633,1.7064,1.00,1.00
2016.01.13 08:02:51.780,1.7063,1.70637,1.50,1.00
2016.01.13 08:02:52.137,1.70625,1.70636,1.57,1.00
2016.01.13 08:02:52.239,1.70625,1.70633,1.37,1.00
2016.01.13 08:02:52.321,1.70621,1.70633,3.00,1.00
2016.01.13 08:02:52.372,1.70621,1.70631,1.85,1.00
2016.01.13 08:02:52.423,1.7062,1.70631,1.45,1.00
2016.01.13 08:02:52.474,1.70619,1.70631,1.47,1.00
2016.01.13 08:02:52.526,1.70618,1.70629,1.45,1.00
2016.01.13 08:02:53.034,1.70618,1.70629,1.07,1.00
2016.01.13 08:02:53.552,1.70617,1.70629,3.07,1.00
2016.01.13 08:02:54.061,1.70617,1.70629,1.57,1.00
2016.01.13 08:02:54.390,1.70615,1.70627,1.57,1.00
2016.01.13 08:02:54.493,1.70614,1.70629,1.57,1.12
2016.01.13 08:02:54.802,1.70617,1.70632,1.07,1.37
2016.01.13 08:02:54.904,1.7062,1.70632,1.37,1.37
2016.01.13 08:02:55.158,1.7062,1.70633,1.50,1.00
2016.01.13 08:02:55.210,1.7062,1.70636,1.50,1.12
2016.01.13 08:02:55.489,1.70623,1.70636,3.15,1.00
2016.01.13 08:02:55.897,1.70628,1.70637,1.37,1.00
2016.01.13 08:02:55.948,1.70628,1.70639,1.37,1.00
2016.01.13 08:02:56.050,1.70627,1.70642,2.25,1.00
2016.01.13 08:02:56.102,1.7063,1.70642,1.87,1.00
2016.01.13 08:02:56.504,1.70633,1.70643,1.37,1.00
2016.01.13 08:02:56.916,1.70632,1.70646,1.50,1.50
2016.01.13 08:02:57.069,1.70635,1.70648,1.12,1.00
2016.01.13 08:02:57.575,1.70636,1.70649,1.87,1.00
2016.01.13 08:02:57.626,1.70637,1.70649,1.47,1.00
2016.01.13 08:02:58.034,1.70638,1.70652,1.57,1.00
2016.01.13 08:02:58.539,1.70639,1.70652,2.25,1.00
2016.01.13 08:02:58.793,1.7064,1.70649,1.07,1.00
2016.01.13 08:02:59.098,1.70638,1.70646,1.07,1.00
2016.01.13 08:02:59.607,1.70635,1.70646,2.62,1.00
2016.01.13 08:02:59.835,1.70637,1.70647,1.50,1.00
2016.01.13 08:02:59.887,1.70637,1.70649,1.50,1.00
2016.01.13 08:03:00.293,1.70639,1.7065,1.12,1.00
2016.01.13 08:03:00.600,1.70639,1.70652,1.12,1.00
2016.01.13 08:03:01.067,1.70639,1.70654,3.37,1.00
2016.01.13 08:03:01.169,1.70643,1.70655,1.37,1.00
2016.01.13 08:03:01.220,1.70643,1.70657,1.37,1.12
2016.01.13 08:03:01.374,1.70647,1.70658,1.00,1.00
2016.01.13 08:03:01.426,1.70647,1.7066,1.00,1.12
2016.01.13 08:03:01.528,1.70647,1.70662,1.50,1.12
2016.01.13 08:03:01.686,1.7065,1.70665,1.10,1.37
2016.01.13 08:03:01.738,1.7065,1.70665,1.10,1.00
2016.01.13 08:03:01.790,1.70653,1.70667,1.00,1.00
2016.01.13 08:03:02.096,1.70657,1.70669,1.07,1.00
2016.01.13 08:03:02.198,1.70655,1.70669,1.12,1.00
2016.01.13 08:03:02.351,1.70654,1.70668,1.20,1.00
2016.01.13 08:03:02.695,1.70656,1.70668,1.12,1.00
2016.01.13 08:03:03.419,1.70656,1.7067,1.47,1.00
2016.01.13 08:03:03.565,1.7066,1.7067,1.00,1.00
2016.01.13 08:03:04.176,1.7066,1.70675,1.37,1.12
2016.01.13 08:03:04.278,1.70665,1.70677,1.50,1.00
2016.01.13 08:03:04.329,1.70665,1.70679,1.50,1.00
2016.01.13 08:03:04.577,1.70668,1.70682,1.12,1.12
2016.01.13 08:03:04.681,1.70669,1.70682,1.57,1.00
2016.01.13 08:03:04.987,1.70674,1.70684,1.00,1.00
2016.01.13 08:03:05.496,1.7067,1.70684,2.70,1.00
2016.01.13 08:03:05.548,1.7067,1.70682,2.70,1.00
2016.01.13 08:03:05.803,1.70668,1.70682,2.62,1.00
2016.01.13 08:03:06.210,1.70671,1.70682,1.00,1.00
2016.01.13 08:03:06.516,1.70675,1.70686,1.00,1.00
2016.01.13 08:03:07.024,1.70674,1.70686,1.00,1.00
2016.01.13 08:03:07.384,1.70674,1.7069,1.00,1.37
2016.01.13 08:03:07.436,1.70676,1.7069,1.00,1.37
2016.01.13 08:03:07.755,1.70677,1.70691,1.95,1.12
2016.01.13 08:03:08.111,1.7068,1.70692,1.37,1.00
2016.01.13 08:03:08.214,1.70682,1.70697,1.12,2.62
2016.01.13 08:03:08.265,1.70682,1.70697,1.50,1.50
2016.01.13 08:03:08.581,1.70692,1.70701,1.00,1.00
2016.01.13 08:03:08.737,1.70688,1.70701,1.82,1.12
2016.01.13 08:03:08.993,1.70688,1.70703,1.82,1.00
2016.01.13 08:03:09.507,1.7069,1.70703,1.00,1.00
2016.01.13 08:03:10.171,1.7069,1.70705,1.00,1.50
2016.01.13 08:03:10.222,1.70691,1.70705,1.37,1.50
2016.01.13 08:03:10.539,1.707,1.70707,1.00,1.00
2016.01.13 08:03:10.591,1.707,1.70712,1.87,1.37
2016.01.13 08:03:10.693,1.70707,1.70721,1.37,2.32
2016.01.13 08:03:10.795,1.70709,1.70722,1.37,1.37
2016.01.13 08:03:10.897,1.70711,1.70723,1.00,1.00
2016.01.13 08:03:11.101,1.70711,1.70725,1.12,1.50
2016.01.13 08:03:11.170,1.70714,1.70725,1.00,1.50
2016.01.13 08:03:11.221,1.70715,1.70729,1.00,1.37
2016.01.13 08:03:11.273,1.70716,1.70732,1.95,1.50
2016.01.13 08:03:11.375,1.70717,1.70732,1.37,1.00
2016.01.13 08:03:11.986,1.70717,1.70727,1.12,1.00
2016.01.13 08:03:12.167,1.70714,1.70723,1.00,1.00
2016.01.13 08:03:12.219,1.70709,1.70723,1.82,1.00
2016.01.13 08:03:12.270,1.70709,1.7072,1.82,1.00
2016.01.13 08:03:12.576,1.70708,1.70723,1.95,1.00
2016.01.13 08:03:12.830,1.70708,1.7072,1.57,1.00
2016.01.13 08:03:13.343,1.70708,1.70719,1.50,1.00
2016.01.13 08:03:13.598,1.70705,1.70719,1.95,1.00
2016.01.13 08:03:14.090,1.70703,1.70719,1.87,1.00
2016.01.13 08:03:14.243,1.70706,1.70725,1.37,2.25
2016.01.13 08:03:14.618,1.70709,1.70725,2.04,1.00
2016.01.13 08:03:15.068,1.70712,1.70727,1.00,1.00
2016.01.13 08:03:15.120,1.70712,1.70729,1.57,1.00
2016.01.13 08:03:15.171,1.70716,1.7073,1.00,1.12
2016.01.13 08:03:15.479,1.70722,1.70738,1.00,1.87
2016.01.13 08:03:15.531,1.70722,1.70739,1.37,1.37
2016.01.13 08:03:15.782,1.70725,1.70737,1.00,1.00
2016.01.13 08:03:15.833,1.70725,1.7074,1.12,1.12
2016.01.13 08:03:15.937,1.70722,1.7074,2.25,1.12
2016.01.13 08:03:15.989,1.70723,1.70737,1.27,1.00
2016.01.13 08:03:16.042,1.70724,1.70742,1.00,1.87
2016.01.13 08:03:16.095,1.70726,1.70742,1.50,1.37
2016.01.13 08:03:16.249,1.70727,1.70745,2.25,1.00
2016.01.13 08:03:16.300,1.70731,1.70745,1.50,1.00
2016.01.13 08:03:16.618,1.70736,1.7075,2.32,1.00
2016.01.13 08:03:16.669,1.70736,1.7075,1.57,1.00
2016.01.13 08:03:16.822,1.70734,1.70748,2.32,1.00
2016.01.13 08:03:16.925,1.70734,1.7075,1.57,1.12
2016.01.13 08:03:17.027,1.70735,1.7075,1.50,1.75
2016.01.13 08:03:17.146,1.70736,1.7075,1.57,1.00
2016.01.13 08:03:17.415,1.70737,1.7075,1.47,1.00
2016.01.13 08:03:18.398,1.70737,1.70753,1.47,1.00
2016.01.13 08:03:18.551,1.70736,1.70749,1.82,1.00
2016.01.13 08:03:18.869,1.70728,1.70732,1.00,1.00
2016.01.13 08:03:19.038,1.70719,1.70731,1.00,1.00
2016.01.13 08:03:19.089,1.70717,1.70728,1.00,1.00
2016.01.13 08:03:19.344,1.70714,1.70728,1.37,1.00
2016.01.13 08:03:19.548,1.70715,1.70732,1.50,1.00
2016.01.13 08:03:19.650,1.70717,1.70734,1.37,1.57
2016.01.13 08:03:19.954,1.70719,1.70735,1.12,1.12
2016.01.13 08:03:20.260,1.70717,1.70731,1.20,1.00
2016.01.13 08:03:20.362,1.70717,1.70731,1.12,1.00
2016.01.13 08:03:20.830,1.70714,1.7073,1.00,1.12
2016.01.13 08:03:21.087,1.70716,1.70733,1.00,1.95
2016.01.13 08:03:21.139,1.70715,1.70732,1.87,1.00
2016.01.13 08:03:21.190,1.70716,1.70731,1.50,1.00
2016.01.13 08:03:21.546,1.70715,1.7073,1.00,1.12
2016.01.13 08:03:21.598,1.70715,1.70728,1.07,1.00
2016.01.13 08:03:21.903,1.70713,1.70726,1.45,1.00
2016.01.13 08:03:21.955,1.70713,1.70731,1.18,2.25
2016.01.13 08:03:22.006,1.70713,1.70731,1.56,1.87
2016.01.13 08:03:22.314,1.70712,1.70727,1.12,1.00
2016.01.13 08:03:22.366,1.70712,1.70727,1.37,1.00
2016.01.13 08:03:22.630,1.70711,1.70725,1.47,1.00
2016.01.13 08:03:23.089,1.70709,1.70722,1.75,1.00
2016.01.13 08:03:23.243,1.70709,1.70723,1.00,1.00
2016.01.13 08:03:23.455,1.70706,1.70722,1.12,1.12
2016.01.13 08:03:23.710,1.70709,1.70722,1.00,1.12
2016.01.13 08:03:23.863,1.7071,1.70725,1.87,1.00
2016.01.13 08:03:23.914,1.70714,1.70725,1.00,1.00
2016.01.13 08:03:24.170,1.70716,1.70728,1.00,1.00
2016.01.13 08:03:24.221,1.70716,1.70732,1.87,1.75
2016.01.13 08:03:24.286,1.70721,1.70732,1.00,1.37
2016.01.13 08:03:24.338,1.70721,1.70734,1.87,1.00
2016.01.13 08:03:24.390,1.70721,1.70736,1.87,1.00
2016.01.13 08:03:24.492,1.70727,1.70736,1.00,1.00
2016.01.13 08:03:24.544,1.70727,1.70738,1.00,1.00
2016.01.13 08:03:24.902,1.70726,1.70735,1.00,1.00
2016.01.13 08:03:25.366,1.70724,1.70734,1.12,1.00
2016.01.13 08:03:25.469,1.70721,1.70734,1.50,1.00
2016.01.13 08:03:25.520,1.70721,1.70732,1.12,1.00
2016.01.13 08:03:25.825,1.70719,1.70729,1.00,1.00
2016.01.13 08:03:26.372,1.7072,1.7073,1.00,1.00
2016.01.13 08:03:26.885,1.70724,1.70735,1.00,1.37
2016.01.13 08:03:26.987,1.70724,1.70737,1.00,2.70
2016.01.13 08:03:27.147,1.7073,1.70737,1.00,1.00
2016.01.13 08:03:27.250,1.70726,1.70734,1.00,1.00
2016.01.13 08:03:27.301,1.70726,1.70731,1.00,1.00
2016.01.13 08:03:27.353,1.70724,1.70735,1.00,1.00
2016.01.13 08:03:27.557,1.70726,1.70735,1.00,1.00
2016.01.13 08:03:27.660,1.70725,1.70737,1.12,1.00
2016.01.13 08:03:27.767,1.70725,1.70734,1.00,1.00
2016.01.13 08:03:28.278,1.70724,1.70733,1.00,1.00
2016.01.13 08:03:28.584,1.70722,1.70731,1.00,1.00
2016.01.13 08:03:29.319,1.70722,1.70729,1.00,1.00
2016.01.13 08:03:29.422,1.70719,1.70729,1.50,1.00
2016.01.13 08:03:29.626,1.70723,1.70731,1.00,1.00
2016.01.13 08:03:30.159,1.70722,1.70731,1.00,1.00
2016.01.13 08:03:30.669,1.70722,1.7073,1.00,1.00
2016.01.13 08:03:31.924,1.70722,1.70732,1.00,1.00
2016.01.13 08:03:31.975,1.70722,1.70734,1.00,1.10
2016.01.13 08:03:32.189,1.70722,1.70737,1.85,1.50
2016.01.13 08:03:32.292,1.70726,1.70737,1.00,1.59
2016.01.13 08:03:32.598,1.70726,1.70735,1.00,1.00
2016.01.13 08:03:33.634,1.70726,1.70736,1.00,1.00
2016.01.13 08:03:33.940,1.70726,1.70733,1.00,1.00
2016.01.13 08:03:34.448,1.70725,1.70736,1.00,1.00
2016.01.13 08:03:34.989,1.70725,1.70735,1.00,1.00
2016.01.13 08:03:35.528,1.70725,1.70736,1.00,1.00
2016.01.13 08:03:36.902,1.70722,1.70736,1.75,1.00
2016.01.13 08:03:37.260,1.70725,1.70738,1.37,1.12
2016.01.13 08:03:37.576,1.70729,1.70741,1.50,1.00
2016.01.13 08:03:38.101,1.70731,1.70741,1.00,1.00
2016.01.13 08:03:38.431,1.7073,1.70738,1.00,1.00
2016.01.13 08:03:38.870,1.7073,1.70741,1.00,1.00
2016.01.13 08:03:39.344,1.7073,1.70743,1.00,1.00
2016.01.13 08:03:39.498,1.7073,1.70741,1.50,1.00
2016.01.13 08:03:39.810,1.7073,1.70738,1.50,1.00
2016.01.13 08:03:40.319,1.70729,1.70738,1.00,1.00
2016.01.13 08:03:40.624,1.70725,1.70736,2.25,1.12
2016.01.13 08:03:40.932,1.70724,1.70733,1.95,1.50
2016.01.13 08:03:41.242,1.70715,1.70723,1.47,1.00
2016.01.13 08:03:41.296,1.70712,1.70723,1.12,1.00
2016.01.13 08:03:41.347,1.70711,1.70723,1.50,1.00
2016.01.13 08:03:41.399,1.70711,1.70723,1.00,1.00
2016.01.13 08:03:41.602,1.70711,1.7072,1.00,1.00
2016.01.13 08:03:42.187,1.70713,1.70722,1.00,1.00
2016.01.13 08:03:42.716,1.70714,1.70722,1.00,1.00
2016.01.13 08:03:42.818,1.70709,1.70722,1.12,1.00
2016.01.13 08:03:42.972,1.70713,1.70721,1.00,1.12
2016.01.13 08:03:43.224,1.70713,1.70723,1.00,1.12
2016.01.13 08:03:43.276,1.70713,1.7072,1.00,1.00
2016.01.13 08:03:43.480,1.70713,1.70723,1.00,1.12
2016.01.13 08:03:43.633,1.70715,1.70723,1.00,1.12
2016.01.13 08:03:43.736,1.70715,1.70727,1.00,1.37
2016.01.13 08:03:43.788,1.70715,1.70728,1.01,1.50
2016.01.13 08:03:43.839,1.7072,1.70728,1.00,1.50
2016.01.13 08:03:44.155,1.70723,1.70733,1.00,1.50
2016.01.13 08:03:44.207,1.70723,1.70733,1.00,1.12
2016.01.13 08:03:44.955,1.70723,1.7073,1.00,1.00
2016.01.13 08:03:45.057,1.7072,1.7073,1.00,1.00
2016.01.13 08:03:45.707,1.70716,1.7073,2.32,1.00
2016.01.13 08:03:46.215,1.70718,1.7073,1.00,1.00
2016.01.13 08:03:46.266,1.7072,1.7073,1.00,1.00
2016.01.13 08:03:46.471,1.70717,1.7073,1.00,1.00
2016.01.13 08:03:46.523,1.70717,1.70728,1.00,1.00
2016.01.13 08:03:47.313,1.70717,1.70731,1.00,1.50
2016.01.13 08:03:47.437,1.70719,1.70731,1.00,1.37
2016.01.13 08:03:47.489,1.70719,1.70732,1.12,1.00
2016.01.13 08:03:47.541,1.70722,1.70732,1.76,1.00
2016.01.13 08:03:47.643,1.7072,1.70732,2.96,1.00
2016.01.13 08:03:47.745,1.70724,1.70733,1.66,1.00
2016.01.13 08:03:48.269,1.70724,1.70733,1.65,1.00
2016.01.13 08:03:48.321,1.70722,1.70731,2.40,1.00
2016.01.13 08:03:48.580,1.7072,1.70731,2.10,1.00
2016.01.13 08:03:48.682,1.70723,1.70733,1.00,1.00
2016.01.13 08:03:48.991,1.70714,1.70724,1.87,1.00
2016.01.13 08:03:49.196,1.70707,1.70718,1.07,1.00
2016.01.13 08:03:49.450,1.70705,1.70717,1.72,1.00
2016.01.13 08:03:49.502,1.70706,1.70717,1.50,1.00
2016.01.13 08:03:49.963,1.70705,1.70715,3.00,1.00
2016.01.13 08:03:50.117,1.70703,1.70715,2.32,1.00
2016.01.13 08:03:50.168,1.70703,1.70713,1.95,1.00
2016.01.13 08:03:50.474,1.70698,1.70706,1.00,1.00
2016.01.13 08:03:50.668,1.70691,1.70705,2.62,1.00
2016.01.13 08:03:50.772,1.70691,1.70707,2.62,1.00
2016.01.13 08:03:50.823,1.70693,1.70707,1.37,1.12
2016.01.13 08:03:51.132,1.7071,1.70724,2.62,1.50
2016.01.13 08:03:51.438,1.70713,1.70725,1.12,1.00
2016.01.13 08:03:51.598,1.70713,1.70725,1.12,1.00
2016.01.13 08:03:51.751,1.70712,1.70722,1.12,1.00
2016.01.13 08:03:52.057,1.70703,1.70711,1.57,1.37
2016.01.13 08:03:52.160,1.707,1.70708,1.37,1.37
2016.01.13 08:03:52.262,1.70695,1.70707,1.87,1.37
2016.01.13 08:03:52.491,1.70692,1.70704,2.70,1.75
2016.01.13 08:03:52.696,1.70692,1.70704,1.95,1.75
2016.01.13 08:03:53.054,1.70692,1.70704,1.95,1.75
2016.01.13 08:03:53.117,1.70692,1.70704,1.95,1.75
2016.01.13 08:03:53.574,1.70692,1.70701,1.57,1.37
2016.01.13 08:03:53.778,1.70688,1.707,1.12,1.50
2016.01.13 08:03:54.296,1.70687,1.70699,2.62,1.00
2016.01.13 08:03:54.348,1.70687,1.70699,2.20,1.00
2016.01.13 08:03:54.554,1.70689,1.70699,1.50,1.00
2016.01.13 08:03:54.606,1.70689,1.70703,1.50,1.50
2016.01.13 08:03:54.658,1.7069,1.70703,1.87,1.50
2016.01.13 08:03:54.964,1.7069,1.70699,1.50,1.37
2016.01.13 08:03:55.073,1.70686,1.70697,1.57,1.50
2016.01.13 08:03:56.562,1.70686,1.70698,1.00,1.37
2016.01.13 08:03:56.613,1.70686,1.70698,1.00,1.75
2016.01.13 08:03:56.919,1.70677,1.70688,2.31,1.00
2016.01.13 08:03:57.019,1.70676,1.70688,2.69,1.00
2016.01.13 08:03:57.329,1.70678,1.70688,1.86,1.00
2016.01.13 08:03:57.634,1.70687,1.70694,1.86,1.12
2016.01.13 08:03:57.686,1.70687,1.70694,1.86,1.12
2016.01.13 08:03:57.737,1.70687,1.70696,2.99,1.37
2016.01.13 08:03:57.788,1.70689,1.70699,2.24,2.06
2016.01.13 08:03:57.890,1.70689,1.70701,2.24,1.50
2016.01.13 08:03:58.086,1.70691,1.70702,1.86,1.75
2016.01.13 08:03:58.596,1.70692,1.70703,2.61,1.75
2016.01.13 08:03:59.080,1.70696,1.70707,1.86,1.50
2016.01.13 08:03:59.132,1.70696,1.70707,1.86,1.00
2016.01.13 08:03:59.288,1.70699,1.70707,1.86,1.00
2016.01.13 08:03:59.797,1.707,1.70711,1.86,1.75
2016.01.13 08:04:00.192,1.707,1.70711,1.86,1.75
2016.01.13 08:04:00.396,1.70698,1.70708,2.19,1.37
2016.01.13 08:04:00.498,1.70696,1.70708,3.01,1.37
2016.01.13 08:04:00.651,1.70697,1.70705,1.81,1.00
2016.01.13 08:04:01.063,1.70694,1.70704,1.67,1.00
2016.01.13 08:04:01.572,1.70693,1.70703,1.14,1.12
2016.01.13 08:04:01.624,1.70693,1.70701,1.14,1.00
2016.01.13 08:04:02.051,1.70694,1.70705,1.14,1.50
2016.01.13 08:04:02.678,1.70694,1.70703,1.14,1.00
2016.01.13 08:04:03.199,1.70693,1.70702,1.14,1.00
2016.01.13 08:04:04.192,1.70693,1.707,1.02,1.00
2016.01.13 08:04:04.650,1.70693,1.70702,1.02,1.12
2016.01.13 08:04:04.702,1.70689,1.70702,2.87,1.12
2016.01.13 08:04:05.261,1.7069,1.70701,1.15,1.00
2016.01.13 08:04:05.668,1.70689,1.707,1.87,1.12
2016.01.13 08:04:06.190,1.70689,1.70702,1.50,1.75
2016.01.13 08:04:06.711,1.70689,1.70702,1.12,1.37
2016.01.13 08:04:06.762,1.70689,1.70702,1.00,1.00
2016.01.13 08:04:07.221,1.7069,1.70704,1.00,1.00
2016.01.13 08:04:07.323,1.7069,1.70705,1.12,1.00
2016.01.13 08:04:07.695,1.70691,1.70703,1.47,1.00
2016.01.13 08:04:08.001,1.70686,1.70695,1.82,1.00
2016.01.13 08:04:08.053,1.70686,1.70695,1.00,1.00
2016.01.13 08:04:08.155,1.70679,1.70695,1.95,1.00
2016.01.13 08:04:08.358,1.70678,1.70693,1.82,1.00
2016.01.13 08:04:08.564,1.70678,1.70691,1.10,1.00
2016.01.13 08:04:08.818,1.70677,1.70694,2.25,1.12
2016.01.13 08:04:09.243,1.70678,1.70694,1.20,1.00
2016.01.13 08:04:09.911,1.7068,1.70695,1.37,1.00
2016.01.13 08:04:10.213,1.70684,1.70701,2.25,1.09
2016.01.13 08:04:10.723,1.70686,1.70699,1.45,1.00
2016.01.13 08:04:11.249,1.70685,1.70701,1.10,1.09
2016.01.13 08:04:11.300,1.70689,1.70704,1.12,1.29
2016.01.13 08:04:11.351,1.70689,1.70705,1.87,1.97
2016.01.13 08:04:11.453,1.70691,1.70705,1.57,1.00
2016.01.13 08:04:11.658,1.70691,1.70707,1.57,1.00
2016.01.13 08:04:11.862,1.70691,1.70704,1.57,1.00
2016.01.13 08:04:11.913,1.7069,1.70707,2.25,1.00
2016.01.13 08:04:12.270,1.7069,1.70707,3.00,1.87
2016.01.13 08:04:12.779,1.7069,1.70706,1.87,1.00
2016.01.13 08:04:13.731,1.70691,1.70708,1.82,1.37
2016.01.13 08:04:14.038,1.70717,1.70722,1.12,1.37
2016.01.13 08:04:14.090,1.70717,1.70725,1.37,1.00
2016.01.13 08:04:14.608,1.70716,1.70726,1.37,1.00
2016.01.13 08:04:15.118,1.70717,1.70726,1.37,1.00
2016.01.13 08:04:15.373,1.70717,1.70728,1.37,1.00
2016.01.13 08:04:15.476,1.70718,1.70733,1.37,1.75
2016.01.13 08:04:15.636,1.70725,1.70736,1.12,1.00
2016.01.13 08:04:16.095,1.70727,1.70737,1.12,1.00
2016.01.13 08:04:18.049,1.70727,1.7074,1.50,1.00
2016.01.13 08:04:18.559,1.70728,1.70741,1.57,1.00
2016.01.13 08:04:18.965,1.70728,1.70737,1.47,1.00
2016.01.13 08:04:19.208,1.70721,1.70737,2.25,1.50
2016.01.13 08:04:19.259,1.70721,1.70733,1.07,1.00
2016.01.13 08:04:19.566,1.70713,1.70725,1.12,1.00
2016.01.13 08:04:19.618,1.70712,1.70725,1.12,1.00
2016.01.13 08:04:19.720,1.7071,1.70724,1.50,1.00
2016.01.13 08:04:19.975,1.70711,1.70722,1.07,1.00
2016.01.13 08:04:20.178,1.70709,1.70722,1.57,1.00
2016.01.13 08:04:20.713,1.70709,1.70723,1.57,1.00
2016.01.13 08:04:20.765,1.70709,1.70726,2.02,1.00
2016.01.13 08:04:20.867,1.70711,1.70726,1.12,1.00
2016.01.13 08:04:21.174,1.70713,1.70727,1.47,1.00
2016.01.13 08:04:21.468,1.70708,1.70722,1.57,1.00
2016.01.13 08:04:21.724,1.70706,1.70719,1.95,1.00
2016.01.13 08:04:22.030,1.70702,1.70713,1.07,1.00
2016.01.13 08:04:22.133,1.70698,1.70713,3.37,1.00
2016.01.13 08:04:22.285,1.70698,1.70711,1.50,1.00
2016.01.13 08:04:22.618,1.70696,1.70709,1.57,1.00
2016.01.13 08:04:22.875,1.70697,1.70714,1.10,1.75
2016.01.13 08:04:23.334,1.70698,1.70711,1.00,1.37
2016.01.13 08:04:23.632,1.707,1.70713,1.00,1.00
2016.01.13 08:04:24.141,1.707,1.70717,1.12,1.75
2016.01.13 08:04:24.396,1.70702,1.70719,1.00,1.95
2016.01.13 08:04:24.936,1.70702,1.70717,1.20,1.50
2016.01.13 08:04:25.140,1.70705,1.70717,1.00,1.12
2016.01.13 08:04:25.191,1.70705,1.7072,1.00,1.50
2016.01.13 08:04:25.242,1.70705,1.7072,1.10,1.50
2016.01.13 08:04:25.549,1.70707,1.7072,1.10,1.37
2016.01.13 08:04:25.642,1.70707,1.7072,1.10,1.00
2016.01.13 08:04:25.693,1.70709,1.70724,1.50,2.25
2016.01.13 08:04:25.795,1.7071,1.70724,1.20,1.12
2016.01.13 08:04:26.100,1.7071,1.70728,1.87,1.75
2016.01.13 08:04:27.297,1.7071,1.70726,1.07,1.37
2016.01.13 08:04:27.603,1.70708,1.70726,1.20,2.25
2016.01.13 08:04:28.331,1.70711,1.70726,1.10,2.25
2016.01.13 08:04:28.382,1.70711,1.70727,1.10,1.37
2016.01.13 08:04:28.485,1.7071,1.70724,1.07,1.00
2016.01.13 08:04:29.013,1.70709,1.70724,1.50,1.00
2016.01.13 08:04:30.810,1.70708,1.7072,1.20,1.50
2016.01.13 08:04:30.912,1.70703,1.70718,1.50,1.00
2016.01.13 08:04:30.964,1.70701,1.70718,2.25,1.37
2016.01.13 08:04:31.206,1.70698,1.70715,2.25,1.50
2016.01.13 08:04:31.564,1.70698,1.70714,1.50,1.87
2016.01.13 08:04:31.719,1.70695,1.70711,1.85,1.12
2016.01.13 08:04:31.770,1.70695,1.70711,1.20,1.37
2016.01.13 08:04:32.229,1.70696,1.70714,1.95,2.25
2016.01.13 08:04:32.484,1.70694,1.70712,3.00,1.50
2016.01.13 08:04:32.993,1.70693,1.70711,2.25,1.75
2016.01.13 08:04:34.285,1.70696,1.70708,1.00,1.00
2016.01.13 08:04:34.337,1.70695,1.70711,1.10,1.00
2016.01.13 08:04:34.440,1.70697,1.7071,1.50,1.00
2016.01.13 08:04:34.746,1.70702,1.70717,1.00,1.87
2016.01.13 08:04:34.848,1.70705,1.70719,1.00,1.85
2016.01.13 08:04:34.900,1.70701,1.70719,1.47,1.85
2016.01.13 08:04:35.160,1.70706,1.70719,1.00,1.87
2016.01.13 08:04:35.211,1.70706,1.70719,1.00,1.12
2016.01.13 08:04:35.774,1.70707,1.70721,1.87,1.00
2016.01.13 08:04:35.876,1.70712,1.70726,1.00,1.50
2016.01.13 08:04:36.022,1.70712,1.70726,1.87,1.00
2016.01.13 08:04:36.074,1.70713,1.70728,1.12,1.00
2016.01.13 08:04:36.126,1.70714,1.70729,1.99,1.50
2016.01.13 08:04:36.432,1.70725,1.70734,2.25,1.00
2016.01.13 08:04:36.535,1.70729,1.7074,1.00,1.00
2016.01.13 08:04:36.586,1.7073,1.7074,1.12,1.00
2016.01.13 08:04:36.638,1.7073,1.70746,2.32,1.12
2016.01.13 08:04:36.740,1.70735,1.70748,1.00,1.12
2016.01.13 08:04:36.878,1.70737,1.70753,1.57,1.87
2016.01.13 08:04:36.930,1.70737,1.70753,1.57,1.50
2016.01.13 08:04:36.982,1.70738,1.70755,1.37,1.50
2016.01.13 08:04:37.035,1.70738,1.70755,1.52,1.00
2016.01.13 08:04:37.188,1.70739,1.70757,1.20,1.00
2016.01.13 08:04:37.494,1.70742,1.70759,1.12,3.45
2016.01.13 08:04:37.701,1.70743,1.70759,1.00,3.07
2016.01.13 08:04:37.963,1.70741,1.70757,1.07,1.37
2016.01.13 08:04:38.319,1.70738,1.70755,2.62,1.00
2016.01.13 08:04:38.370,1.70738,1.70753,2.25,1.00
2016.01.13 08:04:38.421,1.70738,1.70752,1.00,1.00
2016.01.13 08:04:38.524,1.70735,1.70752,1.00,1.12
2016.01.13 08:04:38.970,1.70737,1.70753,1.47,1.50
2016.01.13 08:04:39.277,1.7074,1.70756,1.11,1.00
2016.01.13 08:04:39.595,1.70741,1.70757,1.47,2.25
2016.01.13 08:04:40.104,1.70741,1.70756,1.59,1.00
2016.01.13 08:04:40.644,1.70741,1.70757,2.06,2.25
2016.01.13 08:04:41.001,1.70741,1.70755,1.11,1.37
2016.01.13 08:04:41.103,1.7074,1.70755,1.11,1.57
2016.01.13 08:04:41.519,1.7074,1.70753,1.11,1.00
2016.01.13 08:04:41.621,1.7074,1.70753,1.15,1.50
2016.01.13 08:04:41.826,1.7074,1.70754,1.11,1.00
2016.01.13 08:04:42.199,1.7074,1.70756,1.11,2.25
2016.01.13 08:04:42.548,1.70727,1.70732,1.37,1.00
2016.01.13 08:04:42.600,1.70718,1.70725,1.86,1.50
2016.01.13 08:04:42.651,1.70714,1.70723,1.75,1.00
2016.01.13 08:04:42.703,1.70709,1.70723,3.49,1.12
2016.01.13 08:04:42.754,1.70709,1.70723,1.07,2.25
2016.01.13 08:04:43.276,1.70706,1.70721,1.86,1.00
2016.01.13 08:04:43.327,1.70706,1.70724,1.86,1.37
2016.01.13 08:04:43.837,1.70705,1.70722,1.39,1.00
2016.01.13 08:04:44.040,1.70704,1.70722,2.44,1.10
2016.01.13 08:04:44.092,1.70704,1.70715,1.56,1.00
2016.01.13 08:04:44.194,1.70702,1.70715,1.95,1.00
2016.01.13 08:04:44.304,1.70699,1.70716,1.61,1.50
2016.01.13 08:04:44.407,1.707,1.70717,2.74,2.25
2016.01.13 08:04:44.458,1.70701,1.70718,1.56,1.50
2016.01.13 08:04:44.510,1.70701,1.70718,1.31,1.12
2016.01.13 08:04:44.613,1.70703,1.7072,1.24,1.12
2016.01.13 08:04:44.919,1.70707,1.70725,1.69,1.75
2016.01.13 08:04:45.218,1.70709,1.70727,3.49,1.00
2016.01.13 08:04:45.423,1.70711,1.7073,1.59,2.32
2016.01.13 08:04:45.474,1.70713,1.7073,1.24,1.57
2016.01.13 08:04:45.628,1.70714,1.70733,2.81,1.37
2016.01.13 08:04:45.731,1.70714,1.70733,3.86,1.00
2016.01.13 08:04:45.987,1.70715,1.70735,3.19,1.12
2016.01.13 08:04:46.505,1.70718,1.70735,1.01,1.37
2016.01.13 08:04:46.608,1.70717,1.70734,1.69,1.87
2016.01.13 08:04:46.660,1.70716,1.70729,1.59,1.00
2016.01.13 08:04:46.711,1.70716,1.70729,1.47,1.37
2016.01.13 08:04:46.762,1.70713,1.70728,1.19,1.50
2016.01.13 08:04:46.813,1.70712,1.70728,1.24,1.50
2016.01.13 08:04:46.916,1.70712,1.70728,1.19,1.50
2016.01.13 08:04:47.052,1.70712,1.70728,1.19,1.50
2016.01.13 08:04:47.590,1.70712,1.70726,1.19,1.00
2016.01.13 08:04:48.120,1.70716,1.70728,1.15,1.00
2016.01.13 08:04:48.223,1.70717,1.70734,2.25,1.50
2016.01.13 08:04:48.325,1.70717,1.70735,3.45,1.87
2016.01.13 08:04:48.836,1.70718,1.70736,2.83,1.87
2016.01.13 08:04:49.226,1.70717,1.70735,1.12,1.37
2016.01.13 08:04:49.795,1.70717,1.70735,1.00,2.32
2016.01.13 08:04:50.310,1.70715,1.70729,1.57,1.00
2016.01.13 08:04:50.464,1.7071,1.70727,1.37,1.57
2016.01.13 08:04:50.515,1.70709,1.70726,1.20,1.37
2016.01.13 08:04:50.767,1.70709,1.70726,2.25,1.00
2016.01.13 08:04:50.819,1.70709,1.70728,3.07,1.50
2016.01.13 08:04:51.285,1.70714,1.70731,1.12,1.95
2016.01.13 08:04:51.388,1.70714,1.70733,1.95,1.95
2016.01.13 08:04:51.547,1.70716,1.70733,1.00,1.20
2016.01.13 08:04:51.650,1.70718,1.70736,1.75,1.75
2016.01.13 08:04:51.701,1.70718,1.70736,1.95,1.00
2016.01.13 08:04:51.753,1.70722,1.70736,1.00,1.00
2016.01.13 08:04:52.059,1.70737,1.70753,1.00,1.10
2016.01.13 08:04:52.162,1.70739,1.70756,1.37,1.87
2016.01.13 08:04:52.367,1.70746,1.70765,2.08,1.37
2016.01.13 08:04:52.482,1.70748,1.70765,1.50,1.00
2016.01.13 08:04:52.585,1.70748,1.70765,1.45,1.00
2016.01.13 08:04:52.688,1.70747,1.70764,1.20,1.00
2016.01.13 08:04:52.841,1.70745,1.70764,3.00,1.47
2016.01.13 08:04:53.149,1.70743,1.70762,2.90,1.47
2016.01.13 08:04:53.975,1.70743,1.7076,1.20,1.50
2016.01.13 08:04:54.330,1.70746,1.70762,1.12,1.57
2016.01.13 08:04:54.558,1.70752,1.70768,1.20,1.12
2016.01.13 08:04:55.561,1.70752,1.70767,1.20,1.37
2016.01.13 08:04:56.070,1.70752,1.70768,1.07,1.50
2016.01.13 08:04:56.428,1.70752,1.70767,1.95,1.37
2016.01.13 08:04:56.479,1.70754,1.7077,1.12,1.87
2016.01.13 08:04:57.039,1.70753,1.70769,1.20,1.00
2016.01.13 08:04:57.446,1.70754,1.70772,1.12,1.50
2016.01.13 08:04:57.649,1.70754,1.70772,1.87,1.12
2016.01.13 08:04:57.700,1.70755,1.70774,1.89,1.87
2016.01.13 08:04:58.120,1.70757,1.70776,1.52,2.40
2016.01.13 08:04:58.376,1.70758,1.70777,1.97,1.12
2016.01.13 08:04:58.734,1.70759,1.70777,1.87,1.00
2016.01.13 08:04:59.053,1.70754,1.7077,1.12,1.12
2016.01.13 08:04:59.207,1.70752,1.70768,1.10,1.00
2016.01.13 08:04:59.310,1.70752,1.70766,1.00,1.00
2016.01.13 08:04:59.413,1.7075,1.70766,1.10,1.00
2016.01.13 08:05:00.596,1.70748,1.70766,1.12,1.10
2016.01.13 08:05:00.818,1.70748,1.70762,1.12,1.00
2016.01.13 08:05:00.869,1.70747,1.70762,1.20,1.00
2016.01.13 08:05:00.920,1.70746,1.7076,1.50,1.00
2016.01.13 08:05:01.023,1.70745,1.7076,1.10,1.00
2016.01.13 08:05:01.430,1.70742,1.70759,1.57,1.00
2016.01.13 08:05:01.801,1.70742,1.70757,1.10,1.00
2016.01.13 08:05:02.211,1.7074,1.70757,1.00,1.50
2016.01.13 08:05:02.314,1.7074,1.70754,1.00,1.00
2016.01.13 08:05:02.647,1.70741,1.70753,1.37,1.00
2016.01.13 08:05:02.903,1.70737,1.70752,2.32,1.00
2016.01.13 08:05:03.412,1.70735,1.70751,1.75,1.00
2016.01.13 08:05:04.055,1.70734,1.70751,1.95,1.00
2016.01.13 08:05:04.106,1.70733,1.70751,1.95,1.00
2016.01.13 08:05:04.670,1.70733,1.70751,2.70,1.00
2016.01.13 08:05:05.129,1.70735,1.70749,1.00,1.00
2016.01.13 08:05:05.434,1.70733,1.70749,2.32,1.00
2016.01.13 08:05:05.578,1.70733,1.70749,1.95,1.00
2016.01.13 08:05:05.631,1.70733,1.70747,1.20,1.00
2016.01.13 08:05:05.887,1.70726,1.70743,1.57,1.00
2016.01.13 08:05:05.939,1.70726,1.70743,1.20,1.00
2016.01.13 08:05:06.450,1.70726,1.70743,1.00,1.37
2016.01.13 08:05:07.306,1.70724,1.70738,1.82,1.00
2016.01.13 08:05:07.408,1.70724,1.70737,1.10,1.00
2016.01.13 08:05:07.460,1.70718,1.70737,2.70,1.50
2016.01.13 08:05:07.574,1.70718,1.70735,1.57,1.12
2016.01.13 08:05:07.678,1.70717,1.70735,2.32,1.50
2016.01.13 08:05:08.188,1.70717,1.70735,1.95,1.87
2016.01.13 08:05:08.493,1.70721,1.70738,1.57,2.25
2016.01.13 08:05:08.545,1.70721,1.70738,1.57,1.87
2016.01.13 08:05:08.658,1.70724,1.7074,1.85,1.00
2016.01.13 08:05:08.963,1.70722,1.70738,2.77,1.00
2016.01.13 08:05:09.472,1.70723,1.70738,1.87,1.00
2016.01.13 08:05:10.017,1.70725,1.7074,1.37,1.57
2016.01.13 08:05:10.070,1.70725,1.7074,1.37,1.12
2016.01.13 08:05:10.223,1.70725,1.7074,1.12,1.12
2016.01.13 08:05:10.738,1.70726,1.70741,1.10,1.12
2016.01.13 08:05:11.247,1.70726,1.70742,1.37,1.20
2016.01.13 08:05:11.559,1.70722,1.70736,1.50,1.20
2016.01.13 08:05:11.865,1.70721,1.70735,1.37,1.07
2016.01.13 08:05:11.916,1.70721,1.70733,1.37,1.00
2016.01.13 08:05:12.424,1.7072,1.70733,1.37,1.20
2016.01.13 08:05:12.687,1.70724,1.70735,1.37,1.50
2016.01.13 08:05:13.352,1.70724,1.70735,1.37,1.00
2016.01.13 08:05:13.657,1.70724,1.70735,1.12,1.50
2016.01.13 08:05:13.774,1.70722,1.70735,1.37,1.50
2016.01.13 08:05:13.927,1.70722,1.70735,1.12,1.87
2016.01.13 08:05:14.588,1.70722,1.70737,1.12,2.32
2016.01.13 08:05:14.639,1.70723,1.70737,1.37,1.57
2016.01.13 08:05:15.003,1.70726,1.70738,1.37,1.00
2016.01.13 08:05:15.360,1.70727,1.70741,1.37,1.85
2016.01.13 08:05:15.665,1.7073,1.70741,1.37,1.57
2016.01.13 08:05:16.174,1.7073,1.70743,1.37,1.59
2016.01.13 08:05:16.327,1.70731,1.70742,1.00,1.19
2016.01.13 08:05:16.429,1.70729,1.70742,1.00,1.19
2016.01.13 08:05:16.940,1.70726,1.70743,1.50,1.57
2016.01.13 08:05:17.094,1.70726,1.7074,1.37,1.37
2016.01.13 08:05:17.452,1.70727,1.70741,1.37,1.87
2016.01.13 08:05:17.657,1.70731,1.70746,1.37,1.20
2016.01.13 08:05:17.817,1.70731,1.70746,1.37,1.47
2016.01.13 08:05:18.325,1.70731,1.70746,1.37,1.00
2016.01.13 08:05:18.579,1.7073,1.70746,1.47,1.00
2016.01.13 08:05:18.890,1.70739,1.7075,1.37,1.12
2016.01.13 08:05:18.942,1.70739,1.70752,1.37,1.12
2016.01.13 08:05:19.044,1.70736,1.7075,1.37,1.50
2016.01.13 08:05:19.148,1.70733,1.70749,1.85,1.00
2016.01.13 08:05:19.200,1.70733,1.7075,1.37,1.95
2016.01.13 08:05:20.118,1.70731,1.70744,1.37,1.00
2016.01.13 08:05:20.170,1.70731,1.70744,1.37,1.00
2016.01.13 08:05:20.273,1.7073,1.70744,1.37,1.12
2016.01.13 08:05:20.687,1.70725,1.70743,1.65,1.57
2016.01.13 08:05:20.739,1.70725,1.7074,1.47,1.00
2016.01.13 08:05:21.250,1.70725,1.7074,1.47,1.37
2016.01.13 08:05:21.854,1.70725,1.7074,1.57,1.50
2016.01.13 08:05:21.906,1.70725,1.70737,1.50,1.37
2016.01.13 08:05:22.061,1.70724,1.70737,1.37,1.37
2016.01.13 08:05:22.164,1.70726,1.7074,1.37,2.25
2016.01.13 08:05:22.215,1.70724,1.7074,1.37,2.25
2016.01.13 08:05:22.729,1.70727,1.70739,1.37,1.00
2016.01.13 08:05:23.254,1.70727,1.70739,1.37,1.00
2016.01.13 08:05:24.394,1.70726,1.70739,1.10,1.00
2016.01.13 08:05:24.952,1.70725,1.70739,1.87,1.00
2016.01.13 08:05:25.003,1.70725,1.70742,1.87,1.50
2016.01.13 08:05:25.055,1.70728,1.70742,1.37,1.50
2016.01.13 08:05:25.158,1.70728,1.70742,1.12,1.00
2016.01.13 08:05:25.617,1.70728,1.70742,1.12,1.50
2016.01.13 08:05:26.192,1.70726,1.70743,2.70,2.25
2016.01.13 08:05:26.508,1.70727,1.70745,1.87,3.07
2016.01.13 08:05:26.559,1.70728,1.70745,1.50,1.85
2016.01.13 08:05:26.661,1.70729,1.70744,1.47,1.00
2016.01.13 08:05:26.763,1.70731,1.70746,1.47,1.12
2016.01.13 08:05:27.270,1.70732,1.70748,1.37,1.75
2016.01.13 08:05:27.424,1.70736,1.7075,1.00,3.37
2016.01.13 08:05:27.628,1.70742,1.70753,1.00,1.12
2016.01.13 08:05:27.731,1.70742,1.70758,1.00,1.87
2016.01.13 08:05:27.935,1.70742,1.70758,1.00,1.87
2016.01.13 08:05:28.579,1.70741,1.70758,1.85,1.12
2016.01.13 08:05:29.067,1.70738,1.70754,1.45,1.50
2016.01.13 08:05:29.169,1.70736,1.70753,2.62,1.75
2016.01.13 08:05:29.271,1.70735,1.70751,1.45,1.50
2016.01.13 08:05:29.323,1.70734,1.70751,1.87,1.75
2016.01.13 08:05:29.836,1.70733,1.7075,2.25,3.37
2016.01.13 08:05:30.350,1.70731,1.70748,1.20,1.37
2016.01.13 08:05:30.688,1.70731,1.70748,1.20,1.37
2016.01.13 08:05:31.095,1.70734,1.7075,1.87,1.75
2016.01.13 08:05:31.249,1.70735,1.7075,1.47,1.12
2016.01.13 08:05:31.606,1.70735,1.70752,1.47,1.50
2016.01.13 08:05:32.012,1.70734,1.70753,1.50,2.70
2016.01.13 08:05:32.148,1.70737,1.70753,1.50,1.12
2016.01.13 08:05:32.657,1.70737,1.70754,1.87,1.12
2016.01.13 08:05:34.346,1.70737,1.70752,2.25,1.00
2016.01.13 08:05:34.497,1.70733,1.7075,2.62,1.12
2016.01.13 08:05:34.548,1.70734,1.7075,1.00,1.00
2016.01.13 08:05:34.651,1.70736,1.70751,1.00,1.37
2016.01.13 08:05:34.856,1.7074,1.70755,1.00,1.00
2016.01.13 08:05:35.112,1.70739,1.70757,1.12,1.57
2016.01.13 08:05:35.316,1.70741,1.70758,1.75,1.00
2016.01.13 08:05:35.539,1.70742,1.70761,3.00,1.95
2016.01.13 08:05:35.644,1.70744,1.70762,2.32,2.25
2016.01.13 08:05:36.820,1.70746,1.70762,1.12,2.25
2016.01.13 08:05:37.330,1.70746,1.70762,1.12,1.75
2016.01.13 08:05:37.690,1.70747,1.70763,1.37,1.87
2016.01.13 08:05:38.001,1.70751,1.70766,1.37,1.50
2016.01.13 08:05:38.509,1.7075,1.70767,2.66,1.12
2016.01.13 08:05:39.237,1.70753,1.70769,1.37,2.40
2016.01.13 08:05:39.849,1.70754,1.7077,1.37,1.50
2016.01.13 08:05:40.378,1.70754,1.70771,1.12,1.27
2016.01.13 08:05:40.593,1.70754,1.7077,1.12,1.12
2016.01.13 08:05:41.007,1.70752,1.70764,1.37,1.00
2016.01.13 08:05:41.277,1.70752,1.70766,1.12,1.00
2016.01.13 08:05:41.328,1.70754,1.70766,1.00,1.00
2016.01.13 08:05:41.634,1.70755,1.70767,1.87,1.00
2016.01.13 08:05:41.736,1.70755,1.70769,1.87,1.00
2016.01.13 08:05:43.150,1.70756,1.70771,1.37,1.00
2016.01.13 08:05:44.534,1.70757,1.70767,1.00,1.00
2016.01.13 08:05:44.587,1.70753,1.70766,1.20,1.00
2016.01.13 08:05:44.690,1.70751,1.70765,1.87,1.00
2016.01.13 08:05:44.792,1.7075,1.70765,1.00,1.00
2016.01.13 08:05:45.315,1.70749,1.70766,1.00,1.20
2016.01.13 08:05:45.367,1.70748,1.70766,1.15,1.20
2016.01.13 08:05:46.877,1.70749,1.70766,1.41,1.00
2016.01.13 08:05:47.386,1.70747,1.70765,2.28,1.00
2016.01.13 08:05:47.764,1.70747,1.70763,1.90,1.00
2016.01.13 08:05:48.078,1.70747,1.70763,1.90,1.00
2016.01.13 08:05:48.580,1.70747,1.70763,1.90,1.00
2016.01.13 08:05:48.733,1.70747,1.70763,1.50,1.00
2016.01.13 08:05:48.936,1.70747,1.70761,1.12,1.00
2016.01.13 08:05:49.439,1.70743,1.7076,1.85,1.00
2016.01.13 08:05:50.012,1.70743,1.70755,1.75,1.00
2016.01.13 08:05:50.217,1.70739,1.70751,1.20,1.00
2016.01.13 08:05:50.319,1.70736,1.70751,1.12,1.00
2016.01.13 08:05:50.631,1.70737,1.70749,1.00,1.00
2016.01.13 08:05:51.089,1.70734,1.70749,1.00,1.00
2016.01.13 08:05:51.294,1.70733,1.70747,2.77,1.00
2016.01.13 08:05:51.512,1.70731,1.70744,1.00,1.00
2016.01.13 08:05:51.614,1.70729,1.70746,1.37,1.12
2016.01.13 08:05:51.971,1.70732,1.70749,1.37,1.37
2016.01.13 08:05:52.176,1.70742,1.70759,1.75,1.00
2016.01.13 08:05:52.596,1.70746,1.7076,1.00,1.00
2016.01.13 08:05:52.749,1.70747,1.70764,1.00,1.87
2016.01.13 08:05:52.801,1.70748,1.70767,1.12,1.87
2016.01.13 08:05:53.108,1.70758,1.70772,1.00,1.37
2016.01.13 08:05:53.315,1.70763,1.70778,1.50,1.00
2016.01.13 08:05:53.824,1.70763,1.70778,1.12,1.00
2016.01.13 08:05:54.130,1.70763,1.70776,1.00,1.00
2016.01.13 08:05:54.248,1.7076,1.70775,1.47,1.00
2016.01.13 08:05:54.300,1.7076,1.70773,1.50,1.00
2016.01.13 08:05:54.402,1.70757,1.70773,2.62,1.00
2016.01.13 08:05:54.606,1.70757,1.7077,2.62,1.00
2016.01.13 08:05:54.913,1.70746,1.70759,1.20,1.00
2016.01.13 08:05:55.227,1.70752,1.70766,2.25,1.12
2016.01.13 08:05:55.330,1.70757,1.70772,1.50,1.00
2016.01.13 08:05:55.381,1.70759,1.70774,1.00,1.00
2016.01.13 08:05:55.535,1.70759,1.70774,1.37,1.00
2016.01.13 08:05:55.789,1.70757,1.70774,2.70,1.00
2016.01.13 08:05:55.892,1.70762,1.70778,1.12,1.37
2016.01.13 08:05:55.944,1.70763,1.7078,1.47,1.12
2016.01.13 08:05:56.129,1.70766,1.7078,1.37,1.00
2016.01.13 08:05:56.282,1.70766,1.70783,1.12,1.87
2016.01.13 08:05:56.588,1.70768,1.70784,1.00,1.75
2016.01.13 08:05:56.639,1.70768,1.70784,1.12,1.12
2016.01.13 08:05:56.690,1.70769,1.70784,1.37,1.50
2016.01.13 08:05:57.027,1.7077,1.70787,1.50,1.12
2016.01.13 08:05:57.814,1.7077,1.70787,1.12,1.00
2016.01.13 08:05:58.332,1.70771,1.70789,1.20,1.12
2016.01.13 08:05:58.638,1.70775,1.70791,1.87,1.00
2016.01.13 08:05:59.631,1.70775,1.70791,1.75,1.00
2016.01.13 08:06:00.178,1.70775,1.70792,1.75,1.00
2016.01.13 08:06:00.286,1.70776,1.70795,1.75,1.50
2016.01.13 08:06:00.338,1.70779,1.70797,2.25,1.37
2016.01.13 08:06:00.542,1.70778,1.70794,1.12,1.00
2016.01.13 08:06:00.594,1.7078,1.70798,1.37,1.75
2016.01.13 08:06:00.748,1.70784,1.70798,1.00,1.00
2016.01.13 08:06:00.902,1.70785,1.70798,1.75,1.00
2016.01.13 08:06:00.954,1.70787,1.70801,1.00,1.00
2016.01.13 08:06:01.005,1.70787,1.70805,1.50,1.50
2016.01.13 08:06:01.168,1.70793,1.70806,1.12,1.00
2016.01.13 08:06:01.271,1.7079,1.70805,1.87,1.00
2016.01.13 08:06:01.373,1.70793,1.70807,1.00,1.57
2016.01.13 08:06:01.576,1.70793,1.70807,1.50,1.12
2016.01.13 08:06:01.883,1.70799,1.70817,1.75,1.50
2016.01.13 08:06:02.408,1.70801,1.70815,1.00,1.00
2016.01.13 08:06:02.714,1.70796,1.7081,1.00,1.37
2016.01.13 08:06:03.185,1.70796,1.70811,1.00,1.12
2016.01.13 08:06:03.811,1.70796,1.70812,1.00,1.00
2016.01.13 08:06:03.914,1.70799,1.70816,1.37,2.25
2016.01.13 08:06:04.052,1.70801,1.70816,1.00,1.00
2016.01.13 08:06:04.946,1.70801,1.70816,1.00,1.37
2016.01.13 08:06:05.557,1.708,1.70816,1.37,1.12
2016.01.13 08:06:05.760,1.708,1.70816,1.37,2.62
2016.01.13 08:06:06.842,1.70798,1.70815,1.12,1.57
2016.01.13 08:06:07.510,1.70798,1.70816,1.12,2.70
2016.01.13 08:06:07.746,1.70799,1.70815,1.00,1.47
2016.01.13 08:06:07.848,1.70802,1.70815,1.00,1.95
2016.01.13 08:06:08.052,1.70791,1.70805,1.00,1.00
2016.01.13 08:06:08.155,1.70788,1.70806,3.00,1.00
2016.01.13 08:06:08.389,1.70785,1.70802,1.12,1.00
2016.01.13 08:06:08.645,1.70784,1.70805,2.25,1.12
2016.01.13 08:06:09.466,1.70784,1.70803,2.32,1.12
2016.01.13 08:06:09.518,1.70784,1.70802,1.95,1.00
2016.01.13 08:06:09.620,1.70785,1.70802,1.00,1.75
2016.01.13 08:06:09.925,1.70781,1.70796,1.50,1.00
2016.01.13 08:06:10.027,1.70779,1.70796,1.10,1.87
2016.01.13 08:06:10.079,1.70779,1.70796,1.00,1.87
2016.01.13 08:06:10.450,1.70777,1.70791,1.12,1.00
2016.01.13 08:06:10.553,1.70776,1.70791,1.47,1.12
2016.01.13 08:06:10.807,1.70776,1.70788,1.00,1.00
2016.01.13 08:06:10.960,1.70774,1.70788,1.00,1.12
2016.01.13 08:06:11.642,1.70771,1.70788,1.87,1.50
2016.01.13 08:06:12.152,1.70772,1.70787,1.00,1.00
2016.01.13 08:06:12.940,1.70769,1.7079,2.70,1.75
2016.01.13 08:06:12.991,1.70771,1.7079,2.25,1.37
2016.01.13 08:06:13.042,1.70773,1.70791,1.12,1.00
2016.01.13 08:06:13.307,1.70773,1.70789,1.75,1.00
2016.01.13 08:06:13.562,1.70771,1.70789,3.45,1.12
2016.01.13 08:06:13.918,1.70772,1.70786,1.75,1.00
2016.01.13 08:06:14.071,1.7077,1.70786,1.00,1.12
2016.01.13 08:06:15.245,1.70771,1.70786,1.14,1.00
2016.01.13 08:06:15.749,1.70768,1.70786,2.80,1.12
2016.01.13 08:06:16.398,1.70769,1.70788,1.52,1.87
2016.01.13 08:06:16.948,1.70771,1.70788,1.00,1.00
2016.01.13 08:06:17.204,1.70773,1.70788,1.00,1.37
2016.01.13 08:06:17.511,1.70775,1.70789,1.00,1.37
2016.01.13 08:06:17.665,1.70777,1.70793,1.00,1.00
2016.01.13 08:06:17.719,1.7078,1.70794,1.00,1.50
2016.01.13 08:06:17.918,1.70783,1.70798,1.12,1.00
2016.01.13 08:06:18.022,1.70785,1.708,1.00,1.12
2016.01.13 08:06:18.124,1.70785,1.708,1.00,1.00
2016.01.13 08:06:18.328,1.70785,1.70802,1.50,1.00
2016.01.13 08:06:18.531,1.70787,1.708,1.00,1.00
2016.01.13 08:06:18.966,1.70787,1.70802,1.00,1.12
2016.01.13 08:06:19.477,1.70788,1.70802,1.12,1.00
2016.01.13 08:06:20.602,1.70787,1.70802,1.00,1.12
2016.01.13 08:06:20.755,1.70784,1.708,1.50,1.50
2016.01.13 08:06:20.807,1.70784,1.708,1.50,1.87
2016.01.13 08:06:21.017,1.70779,1.70797,1.87,1.87
2016.01.13 08:06:21.323,1.70777,1.70791,1.75,1.37
2016.01.13 08:06:21.477,1.70776,1.70791,1.75,1.37
2016.01.13 08:06:21.871,1.70776,1.70792,1.00,1.37
2016.01.13 08:06:22.974,1.70774,1.70792,1.75,1.12
2016.01.13 08:06:23.280,1.70762,1.70776,1.00,1.87
2016.01.13 08:06:23.382,1.70759,1.70778,1.57,2.62
2016.01.13 08:06:23.485,1.70759,1.70776,1.95,3.00
2016.01.13 08:06:23.740,1.70763,1.70778,1.00,2.62
2016.01.13 08:06:24.001,1.7076,1.70777,1.95,1.75
2016.01.13 08:06:24.265,1.7076,1.70778,1.95,2.25
2016.01.13 08:06:24.368,1.70761,1.70776,1.95,1.87
2016.01.13 08:06:24.573,1.70761,1.70776,1.12,1.87
2016.01.13 08:06:25.088,1.70762,1.70776,1.00,2.62
2016.01.13 08:06:25.139,1.70762,1.70776,1.00,1.37
2016.01.13 08:06:25.800,1.70762,1.70777,1.00,1.37
2016.01.13 08:06:25.851,1.70764,1.70777,1.00,1.37
2016.01.13 08:06:25.903,1.70764,1.7078,1.50,1.87
2016.01.13 08:06:26.152,1.70763,1.7078,1.00,1.87
2016.01.13 08:06:26.475,1.7076,1.70778,1.12,2.25
2016.01.13 08:06:27.112,1.70762,1.70776,1.37,1.50
2016.01.13 08:06:27.614,1.70762,1.70778,1.75,1.75
2016.01.13 08:06:28.152,1.70764,1.70777,1.00,1.75
2016.01.13 08:06:28.361,1.70762,1.70774,1.00,1.00
2016.01.13 08:06:28.902,1.7076,1.70775,1.50,1.75
2016.01.13 08:06:29.305,1.70759,1.70772,1.12,1.37
2016.01.13 08:06:29.356,1.70757,1.70772,1.50,1.37
2016.01.13 08:06:29.408,1.70754,1.70772,1.81,1.87
2016.01.13 08:06:29.459,1.70754,1.70771,1.85,1.87
2016.01.13 08:06:29.609,1.70754,1.70771,1.00,2.70
2016.01.13 08:06:29.711,1.70756,1.70771,1.00,2.70
2016.01.13 08:06:29.762,1.70756,1.70771,1.98,1.20
2016.01.13 08:06:29.816,1.70756,1.70768,1.98,1.37
2016.01.13 08:06:29.918,1.70758,1.70771,1.36,1.50
2016.01.13 08:06:30.426,1.70755,1.7077,2.11,1.00
2016.01.13 08:06:31.520,1.70761,1.70774,1.00,1.75
2016.01.13 08:06:31.837,1.70761,1.70775,1.50,1.00
2016.01.13 08:06:32.093,1.70761,1.70777,1.50,1.12
2016.01.13 08:06:32.810,1.70761,1.70778,1.50,1.00
2016.01.13 08:06:33.378,1.70761,1.70778,1.50,1.50
2016.01.13 08:06:33.895,1.70761,1.70778,1.50,1.00
2016.01.13 08:06:33.948,1.70761,1.70779,1.50,3.00
2016.01.13 08:06:35.919,1.70759,1.70776,1.50,1.50
2016.01.13 08:06:36.073,1.70759,1.70775,1.00,1.00
2016.01.13 08:06:36.124,1.70759,1.70775,1.00,1.37
2016.01.13 08:06:36.410,1.70758,1.70774,1.00,1.57
2016.01.13 08:06:36.512,1.70761,1.70776,1.00,1.12
2016.01.13 08:06:36.564,1.70758,1.70776,1.87,1.12
2016.01.13 08:06:36.617,1.70758,1.70774,1.50,1.00
2016.01.13 08:06:36.923,1.70757,1.70769,1.12,1.00
2016.01.13 08:06:37.648,1.70755,1.70768,1.37,1.00
2016.01.13 08:06:38.107,1.70754,1.70764,1.75,1.00
2016.01.13 08:06:38.239,1.70754,1.70764,1.50,1.00
2016.01.13 08:06:38.345,1.70751,1.70764,2.32,1.00
2016.01.13 08:06:38.651,1.70753,1.70768,2.02,1.37
2016.01.13 08:06:38.703,1.70753,1.70768,2.02,1.00
2016.01.13 08:06:38.805,1.70753,1.70768,2.40,1.00
2016.01.13 08:06:39.009,1.70755,1.70772,1.00,1.37
2016.01.13 08:06:39.113,1.70759,1.70774,1.95,1.12
2016.01.13 08:06:39.425,1.7076,1.70774,1.05,1.00
2016.01.13 08:06:39.730,1.70753,1.70768,1.43,1.00
2016.01.13 08:06:39.832,1.70754,1.70768,1.05,1.00
2016.01.13 08:06:40.135,1.70756,1.70769,1.93,1.00
2016.01.13 08:06:40.491,1.70761,1.70774,1.05,1.00
2016.01.13 08:06:40.644,1.70762,1.70772,1.05,1.00
2016.01.13 08:06:40.695,1.70759,1.70772,2.38,1.00
2016.01.13 08:06:41.213,1.70757,1.70772,1.25,1.00
2016.01.13 08:06:41.264,1.70757,1.7077,1.25,1.00
2016.01.13 08:06:41.674,1.70755,1.70771,2.00,1.00
2016.01.13 08:06:41.777,1.70756,1.70766,1.05,1.00
2016.01.13 08:06:41.984,1.70751,1.70765,2.30,1.00
2016.01.13 08:06:42.341,1.70751,1.70762,1.55,1.00
2016.01.13 08:06:42.494,1.70749,1.70761,1.93,1.00
2016.01.13 08:06:42.800,1.70747,1.7076,1.18,1.00
2016.01.13 08:06:43.012,1.70748,1.7076,1.43,1.00
2016.01.13 08:06:43.115,1.70746,1.70759,2.30,1.00
2016.01.13 08:06:43.217,1.70747,1.70761,1.80,1.00
2016.01.13 08:06:43.421,1.70751,1.70762,1.55,1.00
2016.01.13 08:06:43.474,1.70752,1.70765,1.05,1.00
2016.01.13 08:06:43.577,1.70752,1.70763,1.43,1.00
2016.01.13 08:06:44.111,1.70749,1.70763,1.80,1.00
2016.01.13 08:06:44.368,1.70751,1.70765,1.93,1.00
2016.01.13 08:06:44.419,1.70752,1.70765,1.80,1.00
2016.01.13 08:06:44.936,1.70754,1.70766,1.55,1.00
2016.01.13 08:06:45.089,1.70753,1.70768,1.80,1.00
2016.01.13 08:06:45.600,1.70754,1.70768,1.80,1.00
2016.01.13 08:06:46.342,1.70754,1.70766,1.87,1.00
2016.01.13 08:06:46.907,1.70754,1.70766,1.12,1.00
2016.01.13 08:06:47.162,1.70751,1.70766,3.07,1.00
2016.01.13 08:06:48.013,1.70754,1.70767,1.50,1.00
2016.01.13 08:06:48.563,1.70754,1.70767,1.12,1.00
2016.01.13 08:06:49.838,1.70754,1.70768,1.12,1.12
2016.01.13 08:06:50.727,1.70754,1.70771,3.45,1.12
2016.01.13 08:06:51.134,1.70755,1.70768,1.52,1.00
2016.01.13 08:06:51.732,1.70754,1.70766,3.02,1.00
2016.01.13 08:06:51.885,1.70752,1.70764,1.00,1.00
2016.01.13 08:06:51.987,1.7075,1.70761,1.82,1.00
2016.01.13 08:06:52.384,1.70749,1.7076,1.00,1.00
2016.01.13 08:06:52.895,1.70748,1.7076,1.00,1.00
2016.01.13 08:06:54.971,1.70748,1.70758,1.00,1.00
2016.01.13 08:06:55.440,1.70747,1.7076,1.00,1.00
2016.01.13 08:06:55.655,1.70747,1.70758,1.00,1.00
2016.01.13 08:06:55.859,1.70741,1.70756,1.50,1.37
2016.01.13 08:06:55.911,1.70743,1.70756,1.07,1.37
2016.01.13 08:06:55.962,1.70743,1.70759,1.70,1.37
2016.01.13 08:06:56.419,1.70746,1.70759,1.82,1.37
2016.01.13 08:06:56.471,1.70747,1.70765,1.70,1.87
2016.01.13 08:06:56.573,1.70747,1.70762,1.07,1.12
2016.01.13 08:06:56.697,1.7075,1.70765,1.07,1.37
2016.01.13 08:06:57.004,1.70748,1.70761,1.00,1.87
2016.01.13 08:06:57.056,1.70748,1.70764,1.00,1.42
2016.01.13 08:06:57.108,1.7075,1.70765,1.07,1.87
2016.01.13 08:06:57.466,1.70749,1.70761,2.57,1.37
2016.01.13 08:06:57.572,1.70751,1.70766,1.07,1.00
2016.01.13 08:06:57.776,1.70753,1.70769,2.57,1.12
2016.01.13 08:06:57.879,1.70754,1.70769,1.50,1.12
2016.01.13 08:06:58.083,1.70753,1.70768,1.50,1.12
2016.01.13 08:06:58.185,1.70751,1.70768,1.57,1.12
2016.01.13 08:06:58.415,1.70752,1.70769,1.82,1.50
2016.01.13 08:06:58.874,1.70753,1.70764,1.00,1.00
2016.01.13 08:06:58.977,1.70749,1.70763,1.50,1.00
2016.01.13 08:06:59.081,1.70748,1.70763,1.00,1.37
2016.01.13 08:06:59.603,1.70745,1.70761,1.12,1.12
2016.01.13 08:06:59.913,1.70747,1.70763,1.37,1.80
2016.01.13 08:07:00.067,1.70756,1.70768,1.00,1.00
2016.01.13 08:07:00.169,1.70753,1.70768,1.00,1.00
2016.01.13 08:07:00.383,1.70752,1.70766,1.00,1.37
2016.01.13 08:07:00.588,1.70753,1.70767,1.00,1.00
2016.01.13 08:07:00.745,1.70755,1.70771,1.00,1.50
2016.01.13 08:07:01.052,1.70757,1.70769,1.12,1.00
2016.01.13 08:07:01.154,1.70754,1.70769,2.62,1.00
2016.01.13 08:07:01.294,1.70754,1.70769,2.25,1.00
2016.01.13 08:07:01.910,1.70756,1.70771,1.00,1.00
2016.01.13 08:07:02.175,1.70756,1.70769,1.12,1.00
2016.01.13 08:07:02.482,1.70756,1.70769,1.75,1.00
2016.01.13 08:07:03.566,1.70756,1.7077,1.75,1.00
2016.01.13 08:07:04.029,1.70756,1.70768,1.75,1.00
2016.01.13 08:07:04.183,1.70756,1.7077,1.00,1.12
2016.01.13 08:07:04.296,1.70753,1.70768,1.75,1.00
2016.01.13 08:07:04.932,1.70755,1.70768,1.37,1.00
2016.01.13 08:07:05.034,1.70756,1.7077,1.37,1.00
2016.01.13 08:07:05.546,1.70755,1.70769,1.75,1.12
2016.01.13 08:07:05.698,1.70755,1.70769,1.00,1.00
2016.01.13 08:07:06.264,1.70755,1.70769,1.00,1.37
2016.01.13 08:07:06.316,1.70754,1.70769,1.75,1.37
2016.01.13 08:07:06.424,1.70755,1.70769,1.00,1.37
2016.01.13 08:07:06.999,1.70756,1.70769,1.00,1.00
2016.01.13 08:07:07.906,1.70756,1.70772,1.12,1.37
2016.01.13 08:07:07.957,1.70756,1.70773,2.25,1.87
2016.01.13 08:07:08.009,1.70762,1.70773,1.00,1.50
2016.01.13 08:07:08.319,1.7076,1.7077,1.12,1.37
2016.01.13 08:07:08.370,1.70758,1.7077,1.87,1.37
2016.01.13 08:07:08.421,1.70759,1.7077,1.00,1.37
2016.01.13 08:07:09.292,1.70756,1.7077,1.87,1.87
2016.01.13 08:07:09.497,1.70755,1.70764,1.37,1.00
2016.01.13 08:07:09.548,1.70752,1.70764,1.00,1.20
2016.01.13 08:07:09.599,1.70749,1.70762,1.75,2.25
2016.01.13 08:07:09.651,1.70748,1.70762,1.87,2.25
2016.01.13 08:07:09.753,1.70748,1.70762,1.00,1.37
2016.01.13 08:07:10.058,1.70751,1.70762,1.37,1.50
2016.01.13 08:07:10.110,1.70751,1.70764,2.25,1.04
2016.01.13 08:07:10.318,1.70749,1.70762,1.00,1.00
2016.01.13 08:07:10.370,1.70747,1.7076,1.87,1.37
2016.01.13 08:07:10.523,1.70744,1.70761,1.87,2.62
2016.01.13 08:07:10.981,1.70742,1.70759,1.12,1.50
2016.01.13 08:07:11.089,1.70742,1.70759,1.75,1.50
2016.01.13 08:07:11.396,1.70741,1.70757,1.75,2.25
2016.01.13 08:07:11.905,1.70744,1.70758,1.12,1.37
2016.01.13 08:07:12.421,1.70744,1.70758,1.12,1.37
2016.01.13 08:07:12.983,1.70747,1.70762,1.00,2.25
2016.01.13 08:07:13.185,1.70756,1.70761,1.00,1.37
2016.01.13 08:07:13.491,1.70754,1.70761,1.00,1.37
2016.01.13 08:07:14.001,1.70753,1.70764,1.37,1.00
2016.01.13 08:07:14.052,1.7075,1.70762,1.75,1.00
2016.01.13 08:07:14.171,1.7075,1.70762,1.00,1.12
2016.01.13 08:07:14.580,1.7075,1.70759,1.00,1.00
2016.01.13 08:07:14.682,1.70748,1.70759,1.00,1.00
2016.01.13 08:07:15.159,1.70748,1.70762,1.00,1.12
2016.01.13 08:07:15.262,1.70749,1.70763,1.75,1.37
2016.01.13 08:07:15.467,1.70749,1.70764,1.50,3.00
2016.01.13 08:07:15.569,1.7075,1.70764,1.12,3.00
2016.01.13 08:07:15.671,1.7075,1.70762,1.50,1.12
2016.01.13 08:07:16.396,1.7075,1.70759,1.12,1.00
2016.01.13 08:07:16.702,1.70747,1.70757,1.12,1.00
2016.01.13 08:07:17.230,1.70747,1.70759,1.02,1.00
2016.01.13 08:07:17.332,1.70748,1.70759,2.89,1.00
2016.01.13 08:07:17.384,1.7075,1.70761,1.02,1.12
2016.01.13 08:07:17.587,1.70752,1.70765,1.02,1.50
2016.01.13 08:07:18.098,1.70755,1.70766,1.02,1.00
2016.01.13 08:07:18.201,1.70755,1.70766,1.27,1.00
2016.01.13 08:07:19.096,1.70757,1.7077,1.64,1.12
2016.01.13 08:07:19.249,1.70761,1.70775,1.27,1.12
2016.01.13 08:07:19.301,1.70763,1.70775,1.27,1.12
2016.01.13 08:07:19.657,1.70763,1.70775,1.64,1.00
2016.01.13 08:07:20.168,1.70764,1.70775,1.39,1.00
2016.01.13 08:07:21.616,1.70763,1.70776,1.12,1.00
2016.01.13 08:07:21.960,1.70754,1.70764,1.75,1.00
2016.01.13 08:07:22.062,1.7075,1.70764,1.12,1.50
2016.01.13 08:07:22.317,1.70751,1.70764,1.00,1.50
2016.01.13 08:07:22.470,1.70753,1.70766,1.00,1.37
2016.01.13 08:07:22.794,1.70759,1.7077,1.00,1.12
2016.01.13 08:07:23.319,1.70762,1.7077,1.00,1.00
2016.01.13 08:07:23.525,1.70763,1.70778,1.12,1.87
2016.01.13 08:07:23.830,1.70763,1.70776,1.50,1.87
2016.01.13 08:07:24.341,1.70762,1.70775,1.12,1.37
2016.01.13 08:07:24.851,1.7076,1.70772,3.27,1.37
2016.01.13 08:07:24.903,1.7076,1.70772,1.77,1.37
2016.01.13 08:07:25.158,1.70758,1.70769,1.02,1.00
2016.01.13 08:07:25.210,1.70758,1.70769,1.02,1.00
2016.01.13 08:07:25.312,1.70758,1.70764,1.00,1.00
2016.01.13 08:07:25.414,1.70755,1.70764,1.02,1.00
2016.01.13 08:07:25.924,1.70754,1.70765,1.02,1.00
2016.01.13 08:07:26.128,1.70756,1.70766,1.64,1.00
2016.01.13 08:07:26.297,1.70758,1.7077,1.02,1.00
2016.01.13 08:07:26.401,1.70758,1.70772,1.02,1.50
2016.01.13 08:07:26.860,1.7076,1.70777,1.39,1.12
2016.01.13 08:07:26.963,1.70763,1.70778,2.89,1.00
2016.01.13 08:07:27.116,1.70764,1.70779,1.50,1.00
2016.01.13 08:07:27.428,1.70769,1.70778,1.75,1.00
2016.01.13 08:07:27.632,1.7077,1.70781,1.12,1.37
2016.01.13 08:07:27.989,1.70773,1.7078,1.37,1.37
2016.01.13 08:07:28.040,1.70773,1.70783,1.50,1.00
2016.01.13 08:07:28.357,1.70774,1.70786,1.37,1.00
2016.01.13 08:07:28.663,1.70773,1.70784,1.37,1.00
2016.01.13 08:07:29.210,1.70773,1.70784,1.12,1.87
2016.01.13 08:07:30.047,1.70773,1.70785,1.00,2.62
2016.01.13 08:07:30.363,1.7077,1.70781,1.12,1.37
2016.01.13 08:07:30.877,1.70771,1.70782,1.00,1.37
2016.01.13 08:07:31.555,1.70771,1.70781,1.00,1.00
2016.01.13 08:07:31.657,1.70768,1.70781,1.12,1.50
2016.01.13 08:07:31.812,1.70768,1.70781,1.12,3.00
2016.01.13 08:07:32.067,1.70762,1.70773,1.00,1.00
2016.01.13 08:07:32.271,1.7076,1.70775,1.00,1.87
2016.01.13 08:07:32.612,1.70757,1.7077,1.50,1.00
2016.01.13 08:07:33.121,1.70758,1.70772,1.00,1.00
2016.01.13 08:07:33.173,1.7076,1.70772,1.00,1.00
2016.01.13 08:07:33.275,1.70758,1.70772,1.50,1.00
2016.01.13 08:07:33.377,1.7076,1.70772,1.00,1.00
2016.01.13 08:07:33.896,1.7076,1.70773,1.00,1.00
2016.01.13 08:07:34.203,1.70764,1.70777,1.37,1.87
2016.01.13 08:07:34.460,1.70765,1.70779,1.57,1.37
2016.01.13 08:07:35.975,1.70768,1.70783,1.00,1.12
2016.01.13 08:07:36.128,1.70773,1.70783,1.37,1.00
2016.01.13 08:07:36.639,1.70774,1.70787,1.37,1.12
2016.01.13 08:07:37.154,1.70775,1.70787,1.37,1.12
2016.01.13 08:07:37.663,1.70774,1.70786,1.37,1.37
2016.01.13 08:07:38.057,1.70774,1.70784,1.37,1.37
2016.01.13 08:07:38.160,1.70772,1.70784,1.37,1.37
2016.01.13 08:07:38.721,1.70772,1.70782,1.37,1.00
2016.01.13 08:07:39.061,1.70771,1.70783,1.00,1.50
2016.01.13 08:07:39.114,1.7077,1.7078,1.37,1.00
2016.01.13 08:07:39.268,1.70768,1.7078,1.47,1.00
2016.01.13 08:07:39.421,1.70767,1.7078,1.37,1.37
2016.01.13 08:07:39.981,1.70767,1.70779,1.00,1.37
2016.01.13 08:07:40.308,1.7076,1.70772,1.87,1.50
2016.01.13 08:07:40.614,1.70765,1.70777,1.00,1.37
2016.01.13 08:07:40.919,1.70767,1.70777,1.00,1.37
2016.01.13 08:07:41.425,1.70768,1.70779,1.00,1.37
2016.01.13 08:07:41.934,1.70767,1.70779,1.00,1.75
2016.01.13 08:07:42.290,1.70765,1.70778,1.12,1.37
2016.01.13 08:07:42.628,1.70767,1.70778,1.00,1.37
2016.01.13 08:07:43.141,1.70766,1.70778,1.00,1.50
2016.01.13 08:07:44.357,1.70766,1.70781,1.50,1.75
2016.01.13 08:07:44.408,1.70768,1.70781,1.00,1.75
2016.01.13 08:07:44.720,1.70773,1.70785,1.87,2.25
2016.01.13 08:07:45.231,1.70774,1.70784,1.50,1.00
2016.01.13 08:07:45.540,1.70777,1.70788,1.00,1.75
2016.01.13 08:07:46.049,1.70776,1.70785,1.00,1.75
2016.01.13 08:07:47.471,1.70775,1.70785,1.12,1.37
2016.01.13 08:07:48.010,1.70773,1.70785,1.50,1.37
2016.01.13 08:07:49.258,1.70775,1.70783,1.00,1.00
2016.01.13 08:07:49.767,1.70777,1.70783,1.00,1.00
2016.01.13 08:07:50.283,1.70776,1.70786,1.00,1.75
2016.01.13 08:07:50.334,1.70773,1.70784,1.00,1.50
2016.01.13 08:07:50.385,1.70773,1.7078,1.00,1.00
2016.01.13 08:07:50.437,1.7077,1.7078,1.00,1.00
2016.01.13 08:07:50.793,1.70768,1.70778,1.37,1.37
2016.01.13 08:07:50.999,1.70765,1.70778,1.87,1.50
2016.01.13 08:07:51.155,1.70765,1.70778,1.87,1.50
2016.01.13 08:07:51.310,1.70768,1.70781,1.75,1.50
2016.01.13 08:07:51.820,1.70769,1.70781,1.00,1.00
2016.01.13 08:07:52.253,1.70768,1.70777,1.00,1.37
2016.01.13 08:07:53.228,1.70768,1.70778,1.00,1.37
2016.01.13 08:07:53.776,1.70766,1.70777,1.20,1.37
2016.01.13 08:07:53.879,1.70766,1.70777,1.20,1.37
2016.01.13 08:07:54.184,1.70765,1.70775,1.57,1.37
2016.01.13 08:07:54.691,1.70765,1.70774,1.45,1.37
2016.01.13 08:07:55.228,1.70766,1.70779,1.10,1.87
2016.01.13 08:07:55.381,1.70765,1.70779,1.82,1.87
2016.01.13 08:07:55.534,1.70767,1.70781,1.50,1.87
2016.01.13 08:07:55.839,1.70768,1.70782,1.12,1.37
2016.01.13 08:07:56.265,1.70767,1.70782,1.37,1.87
2016.01.13 08:07:56.420,1.70767,1.70777,1.00,1.37
2016.01.13 08:07:56.625,1.70765,1.70777,1.10,1.37
2016.01.13 08:07:56.727,1.70766,1.70777,1.37,1.37
2016.01.13 08:07:57.492,1.70767,1.70781,1.00,1.37
2016.01.13 08:07:57.696,1.70768,1.70782,1.13,1.37
2016.01.13 08:07:58.231,1.70767,1.70782,1.96,1.87
2016.01.13 08:07:58.748,1.70767,1.70782,1.95,1.87
2016.01.13 08:07:59.257,1.70771,1.70782,1.12,1.37
2016.01.13 08:07:59.913,1.70771,1.70782,1.12,1.87
2016.01.13 08:08:00.220,1.70775,1.70786,1.37,2.32
2016.01.13 08:08:00.322,1.70775,1.70786,1.37,1.00
2016.01.13 08:08:00.700,1.70774,1.70783,1.00,1.37
2016.01.13 08:08:00.802,1.70774,1.70788,1.37,3.75
2016.01.13 08:08:01.007,1.70773,1.70789,1.00,1.87
2016.01.13 08:08:01.109,1.70774,1.70784,1.00,1.37
2016.01.13 08:08:01.313,1.70772,1.70784,1.00,1.50
2016.01.13 08:08:01.415,1.70772,1.70778,1.00,1.37
2016.01.13 08:08:01.619,1.70769,1.70778,1.00,1.37
2016.01.13 08:08:01.732,1.70771,1.70782,1.00,1.00
2016.01.13 08:08:01.888,1.7077,1.70782,1.00,2.25
2016.01.13 08:08:02.195,1.70775,1.70781,1.00,1.37
2016.01.13 08:08:02.246,1.70775,1.70785,1.00,1.37
2016.01.13 08:08:02.501,1.70773,1.70789,1.50,3.82
2016.01.13 08:08:02.636,1.70773,1.70784,1.12,1.75
2016.01.13 08:08:02.688,1.7077,1.70785,1.00,3.82
2016.01.13 08:08:02.790,1.70769,1.70782,1.00,2.25
2016.01.13 08:08:02.841,1.70765,1.70775,1.12,1.75
2016.01.13 08:08:02.893,1.70765,1.70775,1.00,3.00
2016.01.13 08:08:03.049,1.70762,1.70775,1.12,2.25
2016.01.13 08:08:03.152,1.7076,1.70775,1.00,3.37
2016.01.13 08:08:03.204,1.7076,1.70772,1.00,1.87
2016.01.13 08:08:04.783,1.70758,1.70771,1.00,1.75
2016.01.13 08:08:06.275,1.70758,1.7077,1.00,1.75
2016.01.13 08:08:06.782,1.70754,1.7077,1.50,1.87
2016.01.13 08:08:06.932,1.70753,1.70763,1.50,1.37
2016.01.13 08:08:07.239,1.70755,1.70764,1.00,1.00
2016.01.13 08:08:07.595,1.70752,1.70768,1.00,1.12
2016.01.13 08:08:07.957,1.70753,1.70767,1.00,2.25
2016.01.13 08:08:08.059,1.70753,1.70767,1.00,1.12
2016.01.13 08:08:08.263,1.70755,1.70767,1.00,1.12
2016.01.13 08:08:08.772,1.70755,1.70768,1.00,1.12
2016.01.13 08:08:09.151,1.70753,1.70766,1.12,1.37
2016.01.13 08:08:09.609,1.70748,1.70764,1.87,1.12
2016.01.13 08:08:09.916,1.70745,1.70761,1.85,1.37
2016.01.13 08:08:10.031,1.70745,1.70761,1.37,2.32
2016.01.13 08:08:10.184,1.70745,1.70761,1.12,1.20
2016.01.13 08:08:10.450,1.70744,1.70759,1.12,1.50
2016.01.13 08:08:10.602,1.70744,1.7076,1.12,1.12
2016.01.13 08:08:10.705,1.70744,1.70762,1.87,4.20
2016.01.13 08:08:10.876,1.70747,1.70762,1.37,1.20
2016.01.13 08:08:10.927,1.70748,1.7076,1.12,1.00
2016.01.13 08:08:11.030,1.70745,1.70759,1.75,1.00
2016.01.13 08:08:11.233,1.70745,1.70763,1.12,3.37
2016.01.13 08:08:11.335,1.70745,1.70762,2.25,1.47
2016.01.13 08:08:12.217,1.70744,1.70759,1.20,1.37
2016.01.13 08:08:12.835,1.70744,1.70759,1.12,1.95
2016.01.13 08:08:13.198,1.7074,1.70757,1.82,1.00
2016.01.13 08:08:13.479,1.70739,1.70753,1.12,1.00
2016.01.13 08:08:13.887,1.70738,1.70754,1.12,2.25
2016.01.13 08:08:14.226,1.7074,1.70754,1.12,1.50
2016.01.13 08:08:14.431,1.7074,1.70757,1.12,3.15
2016.01.13 08:08:14.635,1.7074,1.70754,1.00,1.95
2016.01.13 08:08:14.992,1.70739,1.70753,1.75,1.50
2016.01.13 08:08:15.102,1.70739,1.70754,1.87,1.57
2016.01.13 08:08:15.204,1.70737,1.70751,1.00,1.00
2016.01.13 08:08:15.256,1.70737,1.70749,1.00,1.87
2016.01.13 08:08:15.307,1.70732,1.70749,2.32,2.62
2016.01.13 08:08:15.460,1.70741,1.70748,1.00,1.37
2016.01.13 08:08:15.563,1.70741,1.7075,1.10,1.37
2016.01.13 08:08:15.920,1.70736,1.70749,1.00,1.87
2016.01.13 08:08:16.059,1.70733,1.70747,1.74,1.50
2016.01.13 08:08:16.161,1.70732,1.70747,1.87,1.50
2016.01.13 08:08:16.671,1.70728,1.70745,1.94,1.00
2016.01.13 08:08:16.877,1.70731,1.70747,1.12,2.25
2016.01.13 08:08:17.378,1.70734,1.70749,1.12,1.50
2016.01.13 08:08:17.633,1.70728,1.70744,2.25,1.10
2016.01.13 08:08:17.685,1.70728,1.70744,1.00,2.32
2016.01.13 08:08:18.036,1.70731,1.70743,1.74,1.37
2016.01.13 08:08:18.560,1.70732,1.70743,1.74,1.75
2016.01.13 08:08:19.181,1.70732,1.70743,1.49,1.75
2016.01.13 08:08:19.894,1.70731,1.70743,1.12,1.75
2016.01.13 08:08:20.221,1.70727,1.70742,1.87,2.25
2016.01.13 08:08:20.475,1.70727,1.70744,1.49,1.47
2016.01.13 08:08:20.578,1.70729,1.7074,1.00,1.37
2016.01.13 08:08:21.085,1.70729,1.70741,1.00,1.87
2016.01.13 08:08:21.365,1.70729,1.70743,1.49,1.37
2016.01.13 08:08:21.774,1.70727,1.70739,1.74,1.37
2016.01.13 08:08:22.311,1.70727,1.70739,1.49,1.37
2016.01.13 08:08:22.844,1.70725,1.7074,1.74,1.50
2016.01.13 08:08:23.257,1.70724,1.70739,2.24,1.47
2016.01.13 08:08:23.513,1.70721,1.70738,1.74,1.57
2016.01.13 08:08:23.767,1.70718,1.70734,1.74,1.00
2016.01.13 08:08:23.878,1.70719,1.70733,1.00,1.50
2016.01.13 08:08:23.982,1.70718,1.70727,1.00,1.37
2016.01.13 08:08:24.137,1.70715,1.70728,1.12,1.37
2016.01.13 08:08:24.647,1.70716,1.70727,1.00,1.37
2016.01.13 08:08:24.698,1.70716,1.7073,1.00,1.75
2016.01.13 08:08:24.749,1.70717,1.7073,1.00,1.12
2016.01.13 08:08:25.005,1.70717,1.70728,1.00,1.37
2016.01.13 08:08:25.485,1.7072,1.70729,1.00,1.37
2016.01.13 08:08:25.587,1.70722,1.70733,1.00,1.12
2016.01.13 08:08:25.740,1.70723,1.70737,1.00,1.12
2016.01.13 08:08:25.792,1.70726,1.70737,1.00,1.12
2016.01.13 08:08:26.299,1.70725,1.70742,1.12,1.57
2016.01.13 08:08:26.453,1.70723,1.70737,1.12,1.50
2016.01.13 08:08:26.859,1.7072,1.70735,1.87,1.12
2016.01.13 08:08:26.910,1.7072,1.70734,1.87,1.12
2016.01.13 08:08:27.221,1.70718,1.7073,1.87,1.00
2016.01.13 08:08:27.476,1.7072,1.70736,1.00,1.57
2016.01.13 08:08:27.528,1.7072,1.70736,1.75,1.47
2016.01.13 08:08:27.835,1.70727,1.70743,1.12,1.47
2016.01.13 08:08:28.159,1.70727,1.70743,1.00,1.47
2016.01.13 08:08:28.669,1.70726,1.70743,1.37,1.47
2016.01.13 08:08:28.771,1.70732,1.70743,1.00,1.47
2016.01.13 08:08:28.873,1.70732,1.70747,1.12,1.95
2016.01.13 08:08:28.956,1.70733,1.70747,1.37,1.20
2016.01.13 08:08:29.007,1.70733,1.70749,1.37,1.47
2016.01.13 08:08:29.211,1.70733,1.70747,1.12,1.87
2016.01.13 08:08:29.720,1.70732,1.70747,1.12,1.37
2016.01.13 08:08:30.240,1.70734,1.70748,1.00,1.37
2016.01.13 08:08:30.813,1.70734,1.70747,1.00,1.37
2016.01.13 08:08:31.355,1.70734,1.70747,1.00,1.50
2016.01.13 08:08:32.374,1.70734,1.70746,1.30,1.10
2016.01.13 08:08:32.884,1.70734,1.70745,1.30,1.00
2016.01.13 08:08:33.191,1.7073,1.70744,1.05,1.47
2016.01.13 08:08:33.242,1.70729,1.70744,1.67,1.47
2016.01.13 08:08:33.294,1.7073,1.70744,1.05,1.47
2016.01.13 08:08:33.597,1.70729,1.70739,1.30,1.00
2016.01.13 08:08:33.954,1.70727,1.7074,1.30,1.00
2016.01.13 08:08:34.006,1.70725,1.7074,2.17,1.00
2016.01.13 08:08:34.312,1.70725,1.70738,1.05,1.00
2016.01.13 08:08:34.625,1.70719,1.70731,1.05,1.00
2016.01.13 08:08:34.677,1.70717,1.70731,1.67,1.00
2016.01.13 08:08:35.186,1.70718,1.70731,1.05,1.00
2016.01.13 08:08:35.756,1.70716,1.70731,1.05,1.00
2016.01.13 08:08:35.807,1.70716,1.70729,1.05,1.00
2016.01.13 08:08:36.011,1.70714,1.70729,1.05,1.12
2016.01.13 08:08:36.493,1.70714,1.70729,1.00,2.25
2016.01.13 08:08:37.002,1.70715,1.70729,1.05,1.37
2016.01.13 08:08:37.538,1.70713,1.70728,1.05,1.37
2016.01.13 08:08:37.843,1.70708,1.7072,1.00,1.12
2016.01.13 08:08:37.895,1.70703,1.7072,1.05,3.00
2016.01.13 08:08:38.099,1.70701,1.70717,1.37,1.00
2016.01.13 08:08:38.150,1.70701,1.70715,1.37,1.00
2016.01.13 08:08:38.201,1.70701,1.70715,1.00,1.00
2016.01.13 08:08:38.354,1.70701,1.70712,1.00,1.00
2016.01.13 08:08:38.466,1.70697,1.70711,1.05,1.00
2016.01.13 08:08:38.517,1.70694,1.70709,1.05,1.00
2016.01.13 08:08:38.620,1.70693,1.70708,1.00,1.12
2016.01.13 08:08:38.671,1.70692,1.70706,1.80,1.00
2016.01.13 08:08:38.825,1.70689,1.70703,1.12,1.87
2016.01.13 08:08:39.132,1.70686,1.70703,1.87,2.25
2016.01.13 08:08:39.339,1.70688,1.70703,1.05,1.00
2016.01.13 08:08:39.595,1.70692,1.70709,1.00,1.50
2016.01.13 08:08:39.647,1.70692,1.7071,1.42,1.37
2016.01.13 08:08:40.157,1.70693,1.70711,1.12,3.07
2016.01.13 08:08:40.726,1.70692,1.70707,1.12,1.00
2016.01.13 08:08:40.931,1.70689,1.70705,1.47,1.87
2016.01.13 08:08:40.982,1.70688,1.70705,1.57,1.50
2016.01.13 08:08:41.476,1.70692,1.70705,1.00,1.50
2016.01.13 08:08:41.681,1.70698,1.70715,1.05,1.12
2016.01.13 08:08:41.733,1.70699,1.70717,2.25,1.12
2016.01.13 08:08:42.038,1.70692,1.70706,1.12,1.37
2016.01.13 08:08:42.446,1.70691,1.70707,1.80,1.20
2016.01.13 08:08:42.599,1.70691,1.70706,1.50,1.37
2016.01.13 08:08:42.955,1.70697,1.70707,1.00,1.87
2016.01.13 08:08:43.006,1.70697,1.7071,1.00,1.95
2016.01.13 08:08:43.108,1.70699,1.7071,1.50,1.00
2016.01.13 08:08:43.219,1.707,1.70715,1.12,1.12
2016.01.13 08:08:43.729,1.707,1.70716,1.50,2.25
2016.01.13 08:08:43.984,1.70699,1.70712,1.20,1.00
2016.01.13 08:08:44.314,1.70679,1.70695,1.95,1.00
2016.01.13 08:08:44.367,1.70679,1.70692,1.37,1.00
2016.01.13 08:08:44.674,1.70678,1.7069,1.20,1.37
2016.01.13 08:08:44.979,1.70682,1.7069,1.00,1.37
2016.01.13 08:08:45.031,1.70682,1.70696,1.20,1.37
2016.01.13 08:08:45.143,1.70682,1.70701,2.25,1.50
2016.01.13 08:08:45.348,1.70682,1.707,2.62,1.37
2016.01.13 08:08:45.401,1.70682,1.70698,1.12,1.57
2016.01.13 08:08:45.554,1.70681,1.70697,1.50,1.50
2016.01.13 08:08:45.912,1.70683,1.70695,1.00,1.12
2016.01.13 08:08:46.424,1.70683,1.70697,1.00,1.50
2016.01.13 08:08:46.731,1.70695,1.70703,1.00,1.50
2016.01.13 08:08:46.835,1.707,1.70713,1.00,1.87
2016.01.13 08:08:46.972,1.70702,1.70714,1.00,1.00
2016.01.13 08:08:47.277,1.707,1.70712,1.50,1.00
2016.01.13 08:08:47.634,1.70699,1.70713,1.37,1.37
2016.01.13 08:08:47.838,1.70694,1.70708,1.87,1.37
2016.01.13 08:08:48.019,1.70699,1.70711,1.00,1.12
2016.01.13 08:08:48.224,1.70701,1.70714,1.00,1.50
2016.01.13 08:08:48.531,1.70698,1.7071,1.75,1.37
2016.01.13 08:08:48.735,1.70693,1.70706,1.65,1.37
2016.01.13 08:08:49.248,1.70692,1.70706,1.95,1.37
2016.01.13 08:08:49.452,1.70691,1.70706,1.12,1.87
2016.01.13 08:08:49.555,1.70691,1.70706,1.75,1.87
2016.01.13 08:08:49.657,1.70689,1.70706,1.50,1.95
2016.01.13 08:08:50.172,1.7069,1.70706,1.57,1.37
2016.01.13 08:08:50.478,1.70696,1.70706,1.00,1.37
2016.01.13 08:08:50.530,1.70695,1.70709,1.20,1.12
2016.01.13 08:08:50.584,1.70698,1.7071,1.00,1.50
2016.01.13 08:08:50.636,1.70698,1.7071,1.00,1.00
2016.01.13 08:08:50.739,1.70703,1.70711,1.00,1.00
2016.01.13 08:08:50.944,1.70708,1.70723,1.00,1.20
2016.01.13 08:08:51.148,1.70704,1.70715,1.47,1.00
2016.01.13 08:08:51.404,1.70689,1.70706,1.00,1.87
2016.01.13 08:08:51.456,1.70688,1.70702,1.50,1.37
2016.01.13 08:08:51.570,1.70685,1.70702,1.12,1.47
2016.01.13 08:08:51.621,1.70684,1.70699,1.95,1.37
2016.01.13 08:08:52.131,1.70684,1.70697,1.00,1.50
2016.01.13 08:08:52.750,1.70683,1.70697,1.00,1.12
2016.01.13 08:08:53.107,1.70686,1.70697,1.00,1.37
2016.01.13 08:08:53.159,1.70686,1.70698,1.00,1.00
2016.01.13 08:08:53.552,1.70689,1.70702,1.00,4.12
2016.01.13 08:08:53.757,1.7069,1.70705,1.20,1.50
2016.01.13 08:08:53.860,1.70694,1.70705,1.00,1.12
2016.01.13 08:08:55.032,1.70692,1.70705,1.50,1.87
2016.01.13 08:08:55.184,1.7069,1.70704,1.12,1.12
2016.01.13 08:08:55.235,1.7069,1.70704,1.12,2.25
2016.01.13 08:08:55.337,1.7069,1.70704,1.00,1.12
2016.01.13 08:08:55.573,1.70693,1.70704,1.00,1.12
2016.01.13 08:08:55.879,1.70695,1.70706,1.00,1.00
2016.01.13 08:08:55.930,1.70695,1.70708,1.00,1.00
2016.01.13 08:08:56.136,1.70697,1.70709,1.00,2.25
2016.01.13 08:08:56.187,1.70695,1.70709,1.00,2.25
2016.01.13 08:08:56.765,1.70697,1.70708,1.00,1.00
2016.01.13 08:08:58.581,1.70699,1.70708,1.00,1.00
2016.01.13 08:08:58.701,1.70697,1.70708,1.00,1.00
2016.01.13 08:08:59.107,1.70699,1.70711,1.00,2.62
2016.01.13 08:08:59.311,1.70699,1.70713,1.00,1.47
2016.01.13 08:08:59.363,1.70699,1.70711,1.00,1.37
2016.01.13 08:08:59.722,1.70697,1.70711,1.00,2.62
2016.01.13 08:09:00.130,1.70699,1.7071,1.00,1.37
2016.01.13 08:09:00.285,1.70705,1.70718,1.00,2.62
2016.01.13 08:09:00.439,1.70708,1.70718,1.00,1.50
2016.01.13 08:09:00.593,1.7071,1.70721,1.00,1.57
2016.01.13 08:09:00.706,1.70712,1.70721,1.00,1.20
2016.01.13 08:09:00.810,1.70712,1.70724,1.00,1.12
2016.01.13 08:09:00.861,1.70712,1.70724,1.00,2.25
2016.01.13 08:09:00.963,1.7071,1.70724,1.00,2.62
2016.01.13 08:09:01.473,1.7071,1.70723,1.00,1.12
2016.01.13 08:09:01.647,1.70712,1.70724,1.00,1.37
2016.01.13 08:09:01.953,1.70714,1.70724,1.00,1.87
2016.01.13 08:09:02.158,1.70714,1.70726,1.00,2.62
2016.01.13 08:09:02.209,1.70717,1.70726,1.00,2.62
2016.01.13 08:09:02.464,1.7072,1.70729,1.00,1.00
2016.01.13 08:09:02.582,1.70722,1.70735,1.12,1.00
2016.01.13 08:09:02.634,1.70725,1.70738,1.50,1.75
2016.01.13 08:09:02.685,1.70725,1.70739,1.50,1.10
2016.01.13 08:09:02.845,1.70725,1.7074,1.75,1.12
2016.01.13 08:09:03.354,1.70728,1.70739,1.00,1.47
2016.01.13 08:09:03.755,1.70731,1.70738,1.00,1.37
2016.01.13 08:09:03.857,1.70731,1.70741,1.50,1.00
2016.01.13 08:09:03.960,1.70732,1.70747,1.12,3.15
2016.01.13 08:09:04.062,1.70732,1.70748,1.75,1.87
2016.01.13 08:09:04.317,1.70736,1.7075,1.12,1.95
2016.01.13 08:09:04.827,1.70736,1.7075,1.50,1.95
2016.01.13 08:09:05.734,1.70733,1.7075,1.12,1.10
2016.01.13 08:09:05.787,1.70733,1.70749,1.12,1.12
2016.01.13 08:09:06.092,1.70735,1.70748,1.00,1.57
2016.01.13 08:09:06.397,1.70735,1.70749,1.00,1.10
2016.01.13 08:09:06.601,1.70738,1.7075,1.00,2.32
2016.01.13 08:09:06.897,1.70743,1.70755,1.00,1.00
2016.01.13 08:09:07.105,1.7074,1.70753,1.00,1.12
2016.01.13 08:09:07.309,1.70737,1.7075,1.75,1.37
2016.01.13 08:09:07.513,1.70737,1.70751,1.00,1.37
2016.01.13 08:09:07.884,1.7074,1.7075,1.00,1.37
