2008.06.10 16:00:00.232,2.09475,2.095,0.90,0.40
2008.06.10 16:00:00.483,2.09465,2.095,0.90,0.40
2008.06.10 16:00:01.397,2.0947,2.095,0.90,0.40
2008.06.10 16:00:01.463,2.0948,2.0952,2.40,0.40
2008.06.10 16:00:02.177,2.0948,2.0952,3.30,0.40
2008.06.10 16:00:02.446,2.0948,2.0952,2.40,0.40
2008.06.10 16:00:02.917,2.0949,2.09525,2.40,0.90
2008.06.10 16:00:03.097,2.0949,2.0952,2.40,0.40
2008.06.10 16:00:03.464,2.0949,2.0953,2.40,0.40
2008.06.10 16:00:04.925,2.0949,2.0952,2.40,0.40
2008.06.10 16:00:05.322,2.0949,2.0953,2.40,0.40
2008.06.10 16:00:05.573,2.0949,2.0952,2.40,0.40
2008.06.10 16:00:05.703,2.0949,2.0953,2.40,0.40
2008.06.10 16:00:05.955,2.0949,2.0952,3.30,0.40
2008.06.10 16:00:06.450,2.0949,2.0952,2.40,0.40
2008.06.10 16:00:10.364,2.0949,2.0952,2.40,1.30
2008.06.10 16:00:12.152,2.0949,2.0951,2.40,0.90
2008.06.10 16:00:12.271,2.0948,2.0951,0.90,1.30
2008.06.10 16:00:12.520,2.0947,2.095,2.40,0.90
2008.06.10 16:00:12.895,2.0947,2.0949,2.40,0.40
2008.06.10 16:00:13.751,2.0945,2.0948,3.30,0.40
2008.06.10 16:00:14.124,2.0945,2.0948,2.40,0.40
2008.06.10 16:00:14.252,2.0944,2.0948,0.90,0.40
2008.06.10 16:00:14.619,2.0943,2.0948,3.30,0.40
2008.06.10 16:00:16.508,2.0943,2.0948,3.30,1.30
2008.06.10 16:00:16.660,2.0943,2.09475,3.30,0.90
2008.06.10 16:00:16.894,2.0943,2.0947,3.30,0.40
2008.06.10 16:00:17.075,2.0943,2.0945,0.90,0.40
2008.06.10 16:00:17.159,2.0941,2.0945,3.30,0.40
2008.06.10 16:00:17.288,2.0941,2.0945,2.40,0.40
2008.06.10 16:00:17.350,2.0942,2.0945,2.40,0.30
2008.06.10 16:00:17.456,2.09405,2.0945,0.90,0.30
2008.06.10 16:00:17.539,2.09405,2.0945,1.90,0.30
2008.06.10 16:00:17.590,2.09405,2.0947,1.90,0.30
2008.06.10 16:00:17.649,2.09405,2.0945,1.90,0.30
2008.06.10 16:00:18.265,2.0942,2.0947,2.40,1.20
2008.06.10 16:00:18.517,2.0941,2.0945,0.90,0.30
2008.06.10 16:00:19.026,2.0942,2.0945,2.40,0.30
2008.06.10 16:00:19.748,2.0942,2.0947,2.40,0.30
2008.06.10 16:00:22.369,2.0942,2.0946,2.40,0.30
2008.06.10 16:00:22.929,2.0942,2.0947,2.40,0.30
2008.06.10 16:00:23.353,2.0943,2.0948,2.40,0.30
2008.06.10 16:00:23.466,2.0943,2.0948,3.30,0.30
2008.06.10 16:00:23.570,2.0943,2.09475,3.30,0.90
2008.06.10 16:00:23.893,2.0943,2.0948,3.30,0.30
2008.06.10 16:00:24.038,2.0942,2.0947,3.00,0.30
2008.06.10 16:00:24.274,2.0943,2.0948,2.40,0.30
2008.06.10 16:00:24.508,2.0942,2.0947,2.40,0.30
2008.06.10 16:00:25.466,2.0941,2.0947,2.60,0.30
2008.06.10 16:00:25.608,2.0941,2.0946,1.90,0.30
2008.06.10 16:00:25.889,2.0941,2.0947,3.30,0.30
2008.06.10 16:00:26.321,2.0941,2.0946,2.40,0.30
2008.06.10 16:00:27.274,2.0941,2.0947,2.40,0.30
2008.06.10 16:00:27.539,2.0941,2.0947,4.20,0.30
2008.06.10 16:00:28.057,2.0941,2.0947,3.30,0.30
2008.06.10 16:00:28.237,2.0941,2.0947,2.40,0.30
2008.06.10 16:00:28.421,2.0942,2.0947,2.40,0.90
2008.06.10 16:00:28.604,2.0942,2.0945,2.40,0.30
2008.06.10 16:00:29.321,2.0942,2.0945,3.30,0.30
2008.06.10 16:00:29.605,2.0942,2.0945,2.40,0.30
2008.06.10 16:00:31.333,2.0943,2.0945,0.90,0.30
2008.06.10 16:00:31.681,2.0944,2.0947,2.40,0.30
2008.06.10 16:00:33.092,2.0944,2.0947,2.40,1.20
2008.06.10 16:00:33.299,2.0944,2.09465,2.40,0.90
2008.06.10 16:00:36.134,2.0944,2.0947,2.40,0.30
2008.06.10 16:00:37.672,2.0942,2.0947,3.30,1.20
2008.06.10 16:00:37.903,2.0944,2.0947,2.40,1.20
2008.06.10 16:00:37.986,2.0943,2.0947,0.90,1.20
2008.06.10 16:00:38.203,2.0944,2.0947,2.40,1.20
2008.06.10 16:00:38.423,2.0943,2.0947,0.90,1.20
2008.06.10 16:00:38.643,2.0944,2.0947,2.40,1.20
2008.06.10 16:00:39.745,2.0944,2.0947,2.40,0.30
2008.06.10 16:00:40.669,2.0943,2.0947,0.90,0.30
2008.06.10 16:00:40.786,2.0942,2.0945,2.40,0.30
2008.06.10 16:00:41.223,2.09405,2.0945,1.90,0.30
2008.06.10 16:00:41.333,2.0942,2.0945,2.40,0.30
2008.06.10 16:00:41.579,2.09405,2.0945,0.90,0.30
2008.06.10 16:00:41.698,2.094,2.0945,3.80,0.30
2008.06.10 16:00:41.895,2.094,2.0945,3.30,0.30
2008.06.10 16:00:42.284,2.094,2.0945,5.70,0.30
2008.06.10 16:00:42.486,2.0943,2.0945,0.90,0.30
2008.06.10 16:00:42.713,2.0943,2.0947,0.90,1.20
2008.06.10 16:00:42.916,2.0942,2.0947,2.40,1.20
2008.06.10 16:00:43.037,2.0942,2.0947,3.70,1.20
2008.06.10 16:00:43.156,2.0944,2.0947,2.40,1.20
2008.06.10 16:00:43.388,2.0943,2.0947,0.90,1.20
2008.06.10 16:00:43.613,2.0942,2.0947,3.30,1.20
2008.06.10 16:00:44.763,2.0943,2.0947,0.90,1.20
2008.06.10 16:00:44.898,2.0944,2.0947,2.40,1.20
2008.06.10 16:00:45.184,2.0944,2.0947,2.40,0.30
2008.06.10 16:00:46.931,2.0944,2.09485,2.40,0.90
2008.06.10 16:00:47.184,2.0944,2.09485,3.30,0.90
2008.06.10 16:00:47.461,2.0944,2.0947,3.30,0.30
2008.06.10 16:00:47.674,2.0944,2.0947,2.40,1.20
2008.06.10 16:00:49.085,2.0944,2.0947,2.40,0.30
2008.06.10 16:00:49.245,2.09425,2.09485,0.90,0.90
2008.06.10 16:00:49.403,2.09425,2.0947,2.80,0.30
2008.06.10 16:00:49.535,2.0942,2.0947,3.20,0.30
2008.06.10 16:00:49.697,2.0942,2.0945,2.40,0.30
2008.06.10 16:00:50.752,2.0942,2.0946,2.40,1.20
2008.06.10 16:00:52.709,2.0942,2.0945,2.40,0.30
2008.06.10 16:00:57.444,2.0941,2.0945,0.90,0.30
2008.06.10 16:00:57.577,2.0941,2.0943,0.90,0.30
2008.06.10 16:00:57.705,2.0941,2.0945,0.90,0.30
2008.06.10 16:00:57.831,2.094,2.0945,3.70,0.30
2008.06.10 16:00:59.497,2.094,2.0945,2.80,0.30
2008.06.10 16:01:00.189,2.0942,2.09455,2.40,0.90
2008.06.10 16:01:03.705,2.0942,2.0946,2.40,0.30
2008.06.10 16:01:03.822,2.0941,2.0945,0.90,0.30
2008.06.10 16:01:03.852,2.094,2.0945,4.90,0.30
2008.06.10 16:01:03.929,2.09405,2.0945,1.90,0.30
2008.06.10 16:01:04.047,2.0942,2.0946,2.40,0.30
2008.06.10 16:01:04.519,2.0941,2.0946,3.30,0.30
2008.06.10 16:01:04.577,2.0941,2.0946,2.40,0.30
2008.06.10 16:01:04.646,2.09405,2.0945,1.90,0.30
2008.06.10 16:01:04.682,2.094,2.0945,3.60,0.30
2008.06.10 16:01:04.949,2.094,2.0945,2.50,1.20
2008.06.10 16:01:05.446,2.094,2.0945,3.30,1.20
2008.06.10 16:01:07.111,2.094,2.0945,2.40,1.20
2008.06.10 16:01:07.246,2.0939,2.0944,2.40,0.30
2008.06.10 16:01:07.321,2.0938,2.0943,3.30,0.30
2008.06.10 16:01:07.766,2.0939,2.0944,2.40,0.30
2008.06.10 16:01:08.163,2.094,2.09445,3.30,0.90
2008.06.10 16:01:08.319,2.094,2.0944,0.90,0.30
2008.06.10 16:01:08.475,2.0939,2.0944,2.40,0.30
2008.06.10 16:01:09.452,2.094,2.09445,2.40,0.90
2008.06.10 16:01:09.461,2.094,2.09445,2.40,0.90
2008.06.10 16:01:09.797,2.094,2.09445,3.30,0.90
2008.06.10 16:01:11.459,2.094,2.0945,3.30,0.30
2008.06.10 16:01:11.843,2.0941,2.0945,2.40,0.30
2008.06.10 16:01:13.148,2.094,2.0945,3.30,0.30
2008.06.10 16:01:13.257,2.094,2.0945,2.40,0.30
2008.06.10 16:01:14.791,2.0942,2.0945,2.40,0.30
2008.06.10 16:01:16.500,2.0941,2.0944,3.30,0.30
2008.06.10 16:01:16.663,2.0941,2.0944,2.40,0.30
2008.06.10 16:01:17.730,2.0941,2.0944,3.30,0.30
2008.06.10 16:01:18.338,2.0941,2.0944,3.30,0.30
2008.06.10 16:01:18.434,2.0943,2.09455,2.40,0.90
2008.06.10 16:01:18.487,2.0943,2.0946,2.40,0.30
2008.06.10 16:01:18.581,2.0942,2.0946,2.40,0.30
2008.06.10 16:01:18.854,2.0944,2.0947,2.40,0.30
2008.06.10 16:01:29.897,2.0944,2.0947,3.30,0.30
2008.06.10 16:01:43.174,2.0944,2.0945,0.90,0.30
2008.06.10 16:01:43.432,2.0942,2.0945,3.30,0.30
2008.06.10 16:01:46.968,2.0943,2.0946,2.40,1.20
2008.06.10 16:01:47.246,2.0943,2.0946,2.40,0.30
2008.06.10 16:01:47.928,2.0943,2.0945,2.40,0.90
2008.06.10 16:01:48.079,2.0942,2.0944,0.90,0.30
2008.06.10 16:01:48.450,2.0939,2.0944,3.30,0.30
2008.06.10 16:01:48.649,2.0939,2.0944,3.30,0.30
2008.06.10 16:01:49.028,2.0939,2.0944,3.30,0.30
2008.06.10 16:01:49.358,2.094,2.0944,2.40,0.30
2008.06.10 16:01:49.811,2.0941,2.09445,2.40,0.90
2008.06.10 16:01:50.544,2.0941,2.09445,3.30,0.90
2008.06.10 16:01:52.203,2.0941,2.09445,0.90,0.90
2008.06.10 16:01:52.302,2.094,2.09445,2.40,0.90
2008.06.10 16:01:52.395,2.0941,2.09445,2.40,0.90
2008.06.10 16:01:52.685,2.0941,2.09445,3.30,0.90
2008.06.10 16:01:53.042,2.0941,2.09445,0.90,0.90
2008.06.10 16:01:53.158,2.094,2.09445,2.40,0.90
2008.06.10 16:01:53.735,2.0941,2.09445,2.40,0.90
2008.06.10 16:01:53.854,2.0941,2.09445,3.30,0.90
2008.06.10 16:01:53.957,2.0941,2.0945,3.30,0.30
2008.06.10 16:01:54.131,2.0943,2.0946,2.40,0.90
2008.06.10 16:01:54.261,2.0943,2.0947,2.40,1.20
2008.06.10 16:01:54.357,2.0942,2.0947,2.40,1.20
2008.06.10 16:01:54.532,2.0943,2.0947,2.40,1.20
2008.06.10 16:01:54.741,2.09425,2.0947,1.90,1.20
2008.06.10 16:01:54.958,2.0942,2.0947,2.40,1.20
2008.06.10 16:01:55.367,2.0942,2.09465,2.40,0.90
2008.06.10 16:01:55.628,2.0941,2.0945,2.40,0.30
2008.06.10 16:01:55.825,2.0941,2.0946,0.90,0.90
2008.06.10 16:01:56.025,2.0941,2.0947,0.90,1.20
2008.06.10 16:01:56.226,2.09405,2.0947,1.90,1.20
2008.06.10 16:01:56.434,2.09405,2.0947,3.40,0.30
2008.06.10 16:01:56.635,2.09405,2.0947,1.90,0.30
2008.06.10 16:01:56.796,2.09405,2.0947,3.20,0.30
2008.06.10 16:01:56.966,2.0941,2.0947,2.40,0.30
2008.06.10 16:01:57.438,2.0941,2.0946,2.40,0.30
2008.06.10 16:02:00.732,2.0942,2.0946,2.40,0.30
2008.06.10 16:02:00.854,2.0943,2.0946,2.40,0.30
2008.06.10 16:02:03.034,2.0943,2.0946,3.30,0.30
2008.06.10 16:02:03.396,2.0943,2.0946,0.90,0.30
2008.06.10 16:02:03.502,2.0942,2.0946,0.90,0.30
2008.06.10 16:02:03.572,2.09415,2.0946,0.90,0.30
2008.06.10 16:02:03.634,2.09415,2.0944,0.90,0.30
2008.06.10 16:02:03.802,2.09415,2.0946,0.90,0.30
2008.06.10 16:02:04.406,2.0941,2.0946,4.90,0.30
2008.06.10 16:02:06.461,2.0941,2.0946,3.60,0.30
2008.06.10 16:02:08.590,2.0941,2.0946,3.30,0.30
2008.06.10 16:02:08.944,2.0941,2.0944,3.30,0.30
2008.06.10 16:02:09.912,2.0941,2.0946,3.30,0.30
2008.06.10 16:02:10.251,2.0941,2.0944,3.30,0.30
2008.06.10 16:02:10.568,2.0941,2.0946,3.30,0.30
2008.06.10 16:02:10.682,2.0941,2.0944,3.30,0.30
2008.06.10 16:02:11.054,2.0941,2.0946,3.30,0.30
2008.06.10 16:02:11.160,2.0941,2.0946,3.10,0.30
2008.06.10 16:02:11.925,2.0941,2.09465,2.40,0.90
2008.06.10 16:02:12.124,2.09415,2.0948,0.90,1.20
2008.06.10 16:02:12.333,2.0942,2.0948,2.40,0.30
2008.06.10 16:02:12.481,2.0942,2.0948,2.80,0.30
2008.06.10 16:02:12.623,2.0944,2.0948,2.40,0.30
2008.06.10 16:02:13.682,2.0942,2.0947,3.30,0.30
2008.06.10 16:02:14.081,2.0943,2.09485,2.40,0.90
2008.06.10 16:02:14.484,2.0943,2.0948,2.40,0.30
2008.06.10 16:02:16.943,2.0943,2.0947,2.40,0.30
2008.06.10 16:02:20.514,2.0943,2.0947,3.30,0.30
2008.06.10 16:02:28.716,2.0943,2.0947,3.30,0.30
2008.06.10 16:02:29.348,2.09435,2.0947,1.90,0.30
2008.06.10 16:02:29.570,2.09435,2.0949,1.90,0.30
2008.06.10 16:02:29.688,2.09435,2.0948,2.80,0.30
2008.06.10 16:02:30.450,2.09435,2.0948,0.90,0.30
2008.06.10 16:02:30.539,2.0943,2.0948,5.10,0.30
2008.06.10 16:02:30.625,2.0943,2.0946,2.80,0.30
2008.06.10 16:02:30.719,2.0943,2.0946,1.90,0.30
2008.06.10 16:02:30.837,2.09435,2.0946,1.90,0.30
2008.06.10 16:02:31.000,2.0942,2.0946,2.80,0.30
2008.06.10 16:02:31.286,2.0942,2.0946,0.90,0.30
2008.06.10 16:02:31.439,2.0943,2.0948,2.40,1.20
2008.06.10 16:02:32.475,2.0945,2.0948,2.40,1.20
2008.06.10 16:02:32.736,2.0945,2.0948,2.40,0.30
2008.06.10 16:02:33.006,2.0944,2.0947,2.40,0.30
2008.06.10 16:02:33.404,2.0943,2.0946,3.30,0.30
2008.06.10 16:02:33.656,2.0943,2.0946,3.30,0.30
2008.06.10 16:02:33.734,2.0943,2.0946,2.40,0.30
2008.06.10 16:02:35.538,2.09415,2.0944,1.90,0.30
2008.06.10 16:02:35.621,2.09415,2.0944,0.90,0.30
2008.06.10 16:02:37.460,2.09415,2.0946,0.90,0.30
2008.06.10 16:02:38.724,2.0943,2.0946,2.40,0.30
2008.06.10 16:02:39.494,2.0943,2.0948,2.40,0.90
2008.06.10 16:02:40.234,2.0943,2.0949,2.40,1.20
2008.06.10 16:02:40.589,2.0944,2.0949,2.40,1.20
2008.06.10 16:02:42.302,2.0943,2.0948,2.10,0.30
2008.06.10 16:02:42.453,2.0943,2.0948,2.40,0.30
2008.06.10 16:02:43.235,2.0943,2.0948,2.60,0.30
2008.06.10 16:02:43.763,2.09435,2.0948,1.90,0.30
2008.06.10 16:02:44.226,2.0943,2.0948,3.30,0.30
2008.06.10 16:02:44.419,2.0944,2.0949,2.40,0.30
2008.06.10 16:02:49.683,2.09435,2.0948,0.90,0.30
2008.06.10 16:02:49.790,2.0944,2.0949,2.40,0.30
2008.06.10 16:02:51.221,2.0944,2.0949,3.30,0.30
2008.06.10 16:02:51.350,2.0944,2.0949,4.50,0.30
2008.06.10 16:02:51.774,2.0945,2.095,2.40,0.30
2008.06.10 16:02:52.524,2.0946,2.09505,2.40,0.90
2008.06.10 16:02:54.200,2.0946,2.0949,2.40,0.90
2008.06.10 16:02:54.259,2.0946,2.0947,2.40,0.90
2008.06.10 16:02:54.474,2.0946,2.0948,2.40,0.90
2008.06.10 16:02:54.535,2.0945,2.0948,1.90,1.20
2008.06.10 16:02:54.588,2.0945,2.0948,0.90,1.20
2008.06.10 16:02:54.681,2.0945,2.0947,0.90,0.90
2008.06.10 16:02:54.810,2.0943,2.0947,3.30,0.90
2008.06.10 16:02:55.032,2.0943,2.0947,0.90,1.20
2008.06.10 16:02:55.681,2.0943,2.0946,0.90,0.30
2008.06.10 16:02:56.035,2.0943,2.0945,0.90,0.30
2008.06.10 16:02:56.393,2.0941,2.0945,2.40,0.30
2008.06.10 16:02:56.490,2.0941,2.0945,2.40,1.20
2008.06.10 16:02:56.596,2.094,2.0945,2.00,1.20
2008.06.10 16:02:56.697,2.094,2.0945,2.80,1.20
2008.06.10 16:02:56.808,2.094,2.09445,1.90,0.90
2008.06.10 16:02:56.914,2.09395,2.09445,0.90,0.90
2008.06.10 16:02:57.019,2.0939,2.09445,4.80,0.90
2008.06.10 16:02:57.121,2.0939,2.09445,3.30,0.90
2008.06.10 16:02:57.474,2.0939,2.0944,2.40,0.90
2008.06.10 16:02:57.720,2.0939,2.09435,2.40,0.90
2008.06.10 16:03:00.438,2.0939,2.0943,2.40,0.90
2008.06.10 16:03:01.050,2.0939,2.09425,2.40,0.90
2008.06.10 16:03:01.171,2.0939,2.0942,2.40,0.30
2008.06.10 16:03:02.267,2.0939,2.0942,2.40,1.20
2008.06.10 16:03:02.824,2.0937,2.0941,2.40,0.30
2008.06.10 16:03:03.890,2.0937,2.0941,2.40,1.20
2008.06.10 16:03:04.080,2.0939,2.09415,2.40,0.90
2008.06.10 16:03:04.272,2.0939,2.0942,2.40,0.30
2008.06.10 16:03:07.513,2.0939,2.09435,2.40,0.90
2008.06.10 16:03:07.652,2.0941,2.09435,2.40,0.90
2008.06.10 16:03:08.439,2.0941,2.0944,2.40,0.10
2008.06.10 16:03:13.705,2.0941,2.0946,2.40,0.10
2008.06.10 16:03:13.976,2.0941,2.0946,2.40,1.00
2008.06.10 16:03:15.480,2.0941,2.0944,2.40,0.10
2008.06.10 16:03:15.689,2.0941,2.0946,2.40,1.00
2008.06.10 16:03:15.747,2.0941,2.09455,2.40,0.90
2008.06.10 16:03:16.595,2.09395,2.0944,3.10,0.10
2008.06.10 16:03:16.726,2.09395,2.0944,0.90,0.10
2008.06.10 16:03:18.151,2.09395,2.0946,1.90,0.10
2008.06.10 16:03:18.451,2.0941,2.0944,2.40,0.10
2008.06.10 16:03:18.683,2.0941,2.0946,2.40,0.10
2008.06.10 16:03:21.909,2.0941,2.0944,2.40,0.10
2008.06.10 16:03:22.313,2.0941,2.0946,2.40,0.10
2008.06.10 16:03:25.025,2.0941,2.0944,2.40,0.10
2008.06.10 16:03:25.192,2.0939,2.0944,3.80,0.10
2008.06.10 16:03:25.384,2.0939,2.0944,2.70,0.10
2008.06.10 16:03:26.057,2.0939,2.0944,3.30,0.10
2008.06.10 16:03:26.194,2.09385,2.0944,0.90,0.10
2008.06.10 16:03:26.359,2.0939,2.0944,2.40,0.10
2008.06.10 16:03:26.626,2.0939,2.0942,2.40,0.10
2008.06.10 16:03:26.886,2.0941,2.0944,2.40,0.10
2008.06.10 16:03:27.310,2.0939,2.0942,2.40,0.10
2008.06.10 16:03:27.486,2.0939,2.0944,2.40,0.10
2008.06.10 16:03:27.673,2.09385,2.0944,0.90,0.10
2008.06.10 16:03:27.854,2.0938,2.0944,0.90,0.10
2008.06.10 16:03:28.274,2.0938,2.0944,2.80,0.10
2008.06.10 16:03:29.392,2.0938,2.0944,3.20,0.10
2008.06.10 16:03:29.632,2.0938,2.0944,1.90,0.10
2008.06.10 16:03:29.944,2.0939,2.0944,2.40,0.10
2008.06.10 16:03:32.030,2.0938,2.0944,2.80,0.10
2008.06.10 16:03:32.315,2.0938,2.0944,3.00,0.10
2008.06.10 16:03:32.547,2.0938,2.0944,2.80,0.10
2008.06.10 16:03:32.892,2.09385,2.0944,1.90,0.10
2008.06.10 16:03:33.097,2.0938,2.0944,0.90,0.10
2008.06.10 16:03:33.731,2.09385,2.0945,0.90,0.10
2008.06.10 16:03:34.109,2.0939,2.0945,1.90,0.10
2008.06.10 16:03:36.179,2.0939,2.0945,2.80,0.10
2008.06.10 16:03:36.311,2.094,2.0945,2.40,0.10
2008.06.10 16:03:41.198,2.094,2.0945,3.30,0.10
2008.06.10 16:03:41.718,2.094,2.0945,2.40,0.10
2008.06.10 16:03:41.958,2.094,2.0944,2.40,0.10
2008.06.10 16:03:44.422,2.094,2.0944,2.40,1.00
2008.06.10 16:03:44.859,2.094,2.09435,2.40,0.90
2008.06.10 16:03:53.650,2.094,2.0944,2.40,0.10
2008.06.10 16:03:55.082,2.094,2.09455,2.40,0.90
2008.06.10 16:03:55.196,2.094,2.0946,2.40,0.10
2008.06.10 16:03:55.292,2.094,2.0946,3.30,0.10
2008.06.10 16:03:55.404,2.094,2.0946,3.20,0.10
2008.06.10 16:03:55.778,2.094,2.0944,2.20,0.10
2008.06.10 16:03:56.137,2.094,2.0946,2.20,1.00
2008.06.10 16:03:56.425,2.094,2.09455,3.70,0.90
2008.06.10 16:03:56.598,2.094,2.09455,3.30,0.90
2008.06.10 16:03:56.936,2.094,2.0945,3.30,0.90
2008.06.10 16:03:57.648,2.094,2.0945,3.30,1.00
2008.06.10 16:03:57.777,2.094,2.0945,2.40,1.00
2008.06.10 16:03:58.013,2.094,2.09445,2.40,0.90
2008.06.10 16:04:00.455,2.09385,2.0944,0.90,1.00
2008.06.10 16:04:00.652,2.0939,2.0944,2.40,1.00
2008.06.10 16:04:01.433,2.0939,2.0944,2.40,0.10
2008.06.10 16:04:05.185,2.0939,2.0944,2.40,1.00
2008.06.10 16:04:06.246,2.0939,2.0942,2.40,0.10
2008.06.10 16:04:06.354,2.0939,2.0942,2.40,0.10
2008.06.10 16:04:06.465,2.0939,2.0944,3.70,1.00
2008.06.10 16:04:06.574,2.0941,2.0944,2.40,1.00
2008.06.10 16:04:13.708,2.0939,2.0943,3.30,0.10
2008.06.10 16:04:13.922,2.0939,2.0943,2.40,0.10
2008.06.10 16:04:15.975,2.094,2.0945,2.40,0.10
2008.06.10 16:04:24.319,2.0941,2.0945,2.40,0.10
2008.06.10 16:04:25.308,2.0941,2.0946,3.40,0.10
2008.06.10 16:04:25.648,2.0942,2.09475,2.40,0.90
2008.06.10 16:04:29.902,2.0943,2.09475,2.40,0.90
2008.06.10 16:04:30.245,2.0943,2.09475,3.30,0.90
2008.06.10 16:04:30.483,2.0943,2.09475,2.40,0.90
2008.06.10 16:04:31.079,2.0943,2.09475,3.30,0.90
2008.06.10 16:04:31.267,2.0943,2.0948,3.30,0.10
2008.06.10 16:04:31.465,2.0944,2.09495,2.40,0.90
2008.06.10 16:04:32.040,2.0944,2.0949,2.40,0.90
2008.06.10 16:04:32.232,2.0944,2.0949,2.40,1.00
2008.06.10 16:04:32.334,2.0943,2.0948,2.40,0.10
2008.06.10 16:04:32.891,2.0943,2.0946,2.40,0.10
2008.06.10 16:04:33.111,2.0943,2.0948,2.40,1.00
2008.06.10 16:04:33.329,2.0943,2.0947,2.40,0.10
2008.06.10 16:04:34.288,2.0942,2.0947,2.40,1.00
2008.06.10 16:04:36.698,2.0942,2.0947,2.40,0.10
2008.06.10 16:04:37.485,2.0942,2.0947,2.40,1.00
2008.06.10 16:04:38.266,2.0942,2.0945,2.40,0.10
2008.06.10 16:04:39.654,2.0942,2.0945,2.40,1.00
2008.06.10 16:04:41.624,2.0942,2.09445,2.40,0.90
2008.06.10 16:04:42.185,2.094,2.0943,2.40,0.10
2008.06.10 16:04:42.608,2.094,2.0944,2.40,0.90
2008.06.10 16:04:42.837,2.094,2.0943,2.40,0.10
2008.06.10 16:04:45.864,2.094,2.0943,2.40,1.00
2008.06.10 16:04:47.010,2.094,2.0943,2.40,1.00
2008.06.10 16:04:47.685,2.094,2.0942,2.40,0.10
2008.06.10 16:04:49.781,2.094,2.0943,2.40,0.10
2008.06.10 16:04:54.097,2.094,2.0945,2.40,0.10
2008.06.10 16:04:54.261,2.094,2.0943,2.40,0.10
2008.06.10 16:05:01.485,2.094,2.0945,2.40,1.00
2008.06.10 16:05:01.692,2.094,2.0945,2.40,0.10
2008.06.10 16:05:06.751,2.094,2.0944,2.40,0.10
2008.06.10 16:05:17.197,2.094,2.0944,3.30,0.10
2008.06.10 16:05:17.297,2.0941,2.0944,2.40,0.10
2008.06.10 16:05:32.226,2.0941,2.0943,2.40,0.10
2008.06.10 16:05:32.885,2.0941,2.0944,2.40,0.10
2008.06.10 16:05:42.331,2.0941,2.0945,2.40,0.10
2008.06.10 16:05:43.455,2.0943,2.0946,2.40,1.00
2008.06.10 16:05:49.849,2.0944,2.0946,2.40,0.90
2008.06.10 16:05:50.350,2.0942,2.0946,3.30,0.90
2008.06.10 16:05:50.421,2.0942,2.0946,2.40,0.90
2008.06.10 16:05:50.498,2.0944,2.0946,2.40,0.90
2008.06.10 16:05:50.809,2.0942,2.0946,3.30,0.90
2008.06.10 16:05:50.998,2.0942,2.0946,2.40,0.90
2008.06.10 16:05:52.197,2.0942,2.0947,2.40,0.10
2008.06.10 16:05:52.378,2.0943,2.0947,2.40,0.10
2008.06.10 16:05:53.033,2.0943,2.09485,2.40,0.90
2008.06.10 16:05:53.225,2.0943,2.0949,2.40,0.10
2008.06.10 16:05:53.361,2.0944,2.0949,2.40,0.10
2008.06.10 16:05:54.553,2.0945,2.0949,2.40,0.10
2008.06.10 16:05:56.859,2.0945,2.0951,2.40,1.00
2008.06.10 16:05:56.933,2.0945,2.0951,2.40,0.10
2008.06.10 16:05:57.132,2.0945,2.095,2.40,0.10
2008.06.10 16:06:01.940,2.0946,2.095,2.40,0.10
2008.06.10 16:06:05.664,2.0947,2.09515,2.40,0.90
2008.06.10 16:06:05.974,2.0947,2.0952,2.40,0.10
2008.06.10 16:06:06.307,2.09455,2.0952,1.90,0.10
2008.06.10 16:06:06.415,2.09455,2.0952,1.90,0.10
2008.06.10 16:06:07.067,2.09455,2.0952,3.30,0.10
2008.06.10 16:06:07.550,2.09455,2.0952,3.00,0.10
2008.06.10 16:06:07.686,2.0947,2.0952,2.40,0.10
2008.06.10 16:06:07.957,2.09455,2.0952,1.90,0.10
2008.06.10 16:06:08.084,2.0945,2.0951,3.30,0.10
2008.06.10 16:06:08.431,2.0945,2.0951,2.40,0.10
2008.06.10 16:06:08.700,2.0945,2.0951,2.40,1.00
2008.06.10 16:06:09.705,2.09455,2.0951,1.90,1.00
2008.06.10 16:06:09.865,2.0946,2.0951,2.40,0.10
2008.06.10 16:06:10.165,2.09455,2.0949,3.20,0.10
2008.06.10 16:06:10.288,2.09455,2.0949,1.90,0.10
2008.06.10 16:06:10.384,2.09445,2.0951,0.90,0.10
2008.06.10 16:06:10.555,2.09445,2.0951,2.80,0.10
2008.06.10 16:06:10.722,2.09445,2.0951,1.90,0.10
2008.06.10 16:06:14.715,2.09455,2.0951,1.90,0.10
2008.06.10 16:06:14.870,2.09455,2.0951,3.00,0.10
2008.06.10 16:06:14.896,2.0946,2.09515,2.40,0.90
2008.06.10 16:06:17.842,2.09455,2.0951,3.20,0.10
2008.06.10 16:06:17.887,2.09455,2.0951,1.90,0.10
2008.06.10 16:06:18.194,2.09455,2.095,1.90,0.10
2008.06.10 16:06:18.276,2.0945,2.095,1.90,0.10
2008.06.10 16:06:18.567,2.0945,2.0951,2.20,0.10
2008.06.10 16:06:18.742,2.0946,2.0952,2.40,0.10
2008.06.10 16:06:22.038,2.09455,2.0952,3.70,0.10
2008.06.10 16:06:22.893,2.0946,2.0952,1.90,0.10
2008.06.10 16:06:25.461,2.09455,2.0952,2.60,0.10
2008.06.10 16:06:25.908,2.09455,2.0951,3.20,0.10
2008.06.10 16:06:25.961,2.09455,2.0951,1.90,0.10
2008.06.10 16:06:26.080,2.0945,2.0951,3.30,0.10
2008.06.10 16:06:26.351,2.0945,2.0949,3.10,0.10
2008.06.10 16:06:26.528,2.0945,2.0949,3.60,0.10
2008.06.10 16:06:26.770,2.0945,2.0949,2.40,0.10
2008.06.10 16:06:26.840,2.0945,2.0949,2.40,0.10
2008.06.10 16:06:27.220,2.0945,2.0951,3.10,0.10
2008.06.10 16:06:27.523,2.0945,2.0951,4.00,0.10
2008.06.10 16:06:28.011,2.09445,2.0951,2.80,0.10
2008.06.10 16:06:29.668,2.0946,2.0951,2.40,0.10
2008.06.10 16:06:30.836,2.0946,2.0951,2.40,0.10
2008.06.10 16:06:32.055,2.0945,2.095,2.40,0.10
2008.06.10 16:06:35.954,2.0944,2.0948,2.40,0.10
2008.06.10 16:06:37.747,2.0946,2.0948,2.40,0.10
2008.06.10 16:06:37.930,2.0945,2.0948,2.40,0.10
2008.06.10 16:06:45.584,2.0946,2.0948,2.40,0.10
2008.06.10 16:06:46.024,2.0946,2.095,2.40,0.10
2008.06.10 16:06:47.887,2.0947,2.095,2.40,0.10
2008.06.10 16:06:54.035,2.0948,2.0951,2.40,0.10
2008.06.10 16:06:54.624,2.0947,2.0951,2.40,0.10
2008.06.10 16:06:59.458,2.0947,2.0951,2.40,1.00
2008.06.10 16:06:59.534,2.0946,2.0951,2.40,1.00
2008.06.10 16:07:00.107,2.0946,2.09505,2.40,0.90
2008.06.10 16:07:07.164,2.0947,2.09505,2.40,0.90
2008.06.10 16:07:07.238,2.0947,2.0951,2.40,0.10
2008.06.10 16:07:09.323,2.0946,2.0951,2.40,0.10
2008.06.10 16:07:10.675,2.0946,2.0951,3.30,0.10
2008.06.10 16:07:11.655,2.0947,2.0951,0.90,0.10
2008.06.10 16:07:15.273,2.0946,2.0951,2.40,0.10
2008.06.10 16:07:16.696,2.0946,2.0951,2.40,1.00
2008.06.10 16:07:17.367,2.09455,2.095,1.90,0.10
2008.06.10 16:07:17.673,2.0945,2.095,2.40,0.10
2008.06.10 16:07:20.059,2.0945,2.0949,2.40,0.10
2008.06.10 16:07:21.085,2.0944,2.0949,2.40,0.10
2008.06.10 16:07:21.255,2.09435,2.0948,2.40,0.10
2008.06.10 16:07:21.345,2.09435,2.0948,2.80,0.10
2008.06.10 16:07:21.441,2.0944,2.0949,2.40,0.10
2008.06.10 16:07:22.999,2.0944,2.0949,3.90,0.10
2008.06.10 16:07:23.112,2.0944,2.0949,3.90,0.10
2008.06.10 16:07:23.174,2.0946,2.0949,2.40,0.10
2008.06.10 16:07:25.917,2.09455,2.0949,1.90,0.10
2008.06.10 16:07:25.989,2.0945,2.0949,0.90,0.10
2008.06.10 16:07:26.104,2.09445,2.0949,1.90,0.10
2008.06.10 16:07:26.453,2.09465,2.0949,1.90,0.10
2008.06.10 16:07:26.678,2.0947,2.0949,0.90,0.10
2008.06.10 16:07:26.797,2.0948,2.0952,2.40,2.00
2008.06.10 16:07:26.837,2.09475,2.0951,2.80,0.10
2008.06.10 16:07:27.246,2.0949,2.0951,2.40,0.10
2008.06.10 16:07:27.884,2.0948,2.0951,2.40,0.10
2008.06.10 16:07:29.465,2.0947,2.0951,3.90,0.10
2008.06.10 16:07:29.735,2.0947,2.0951,2.40,0.10
2008.06.10 16:07:30.081,2.0947,2.0951,2.40,0.10
2008.06.10 16:07:30.173,2.0948,2.0951,2.40,0.10
2008.06.10 16:07:30.656,2.0947,2.0951,2.70,0.10
2008.06.10 16:07:31.027,2.0947,2.0951,2.40,0.10
2008.06.10 16:07:33.266,2.0947,2.095,2.40,0.10
2008.06.10 16:07:35.613,2.0947,2.095,3.80,0.10
2008.06.10 16:07:35.781,2.0949,2.0952,2.40,0.10
2008.06.10 16:07:36.633,2.0947,2.0952,2.40,0.10
2008.06.10 16:07:37.737,2.0947,2.0952,4.00,0.10
2008.06.10 16:07:37.921,2.0949,2.0952,2.40,0.10
2008.06.10 16:07:38.073,2.0947,2.095,2.80,0.10
2008.06.10 16:07:38.223,2.0947,2.095,2.40,0.10
2008.06.10 16:07:39.196,2.0947,2.095,3.30,0.10
2008.06.10 16:07:39.522,2.0949,2.0952,2.40,0.10
2008.06.10 16:07:40.108,2.0948,2.0952,2.40,0.10
2008.06.10 16:07:42.800,2.0948,2.09525,2.40,0.90
2008.06.10 16:07:44.693,2.09465,2.0951,1.90,0.10
2008.06.10 16:07:44.788,2.0946,2.0951,5.20,0.10
2008.06.10 16:07:44.870,2.0947,2.0952,2.40,1.00
2008.06.10 16:07:45.711,2.0946,2.0951,2.20,0.10
2008.06.10 16:07:47.080,2.0947,2.0951,2.40,0.10
2008.06.10 16:07:49.406,2.0947,2.0952,2.40,0.10
2008.06.10 16:07:52.449,2.0949,2.0953,2.40,0.10
2008.06.10 16:07:56.414,2.0949,2.0954,2.40,0.10
2008.06.10 16:08:16.329,2.0949,2.0953,2.40,0.10
2008.06.10 16:08:16.538,2.095,2.0953,2.40,0.10
2008.06.10 16:08:17.096,2.0949,2.0953,2.40,0.10
2008.06.10 16:08:22.602,2.0949,2.0952,2.40,0.10
2008.06.10 16:08:23.024,2.0949,2.0953,2.40,0.90
2008.06.10 16:08:23.366,2.0949,2.0952,2.40,0.10
2008.06.10 16:08:23.583,2.0948,2.0951,2.40,0.10
2008.06.10 16:08:23.695,2.0948,2.0953,2.40,0.10
2008.06.10 16:08:27.636,2.0948,2.0953,3.40,0.10
2008.06.10 16:08:27.749,2.0949,2.0954,2.40,1.00
2008.06.10 16:08:32.818,2.095,2.0954,2.40,1.00
2008.06.10 16:08:33.235,2.0949,2.0954,2.40,0.90
2008.06.10 16:08:33.334,2.0949,2.09545,3.30,0.90
2008.06.10 16:08:33.509,2.0949,2.0956,3.30,3.00
2008.06.10 16:08:33.680,2.0949,2.0956,2.70,3.00
2008.06.10 16:08:33.955,2.0951,2.0956,2.40,3.00
2008.06.10 16:08:34.236,2.0952,2.0956,2.40,2.00
2008.06.10 16:08:34.771,2.0951,2.0955,2.60,0.10
2008.06.10 16:08:34.962,2.0952,2.0956,2.40,1.90
2008.06.10 16:08:35.143,2.0952,2.0956,3.10,1.90
2008.06.10 16:08:35.520,2.0954,2.0956,2.40,1.90
2008.06.10 16:08:35.906,2.0952,2.0956,3.20,1.90
2008.06.10 16:08:36.256,2.0952,2.0956,2.40,1.90
2008.06.10 16:08:37.841,2.0952,2.0956,3.70,1.90
2008.06.10 16:08:38.536,2.0952,2.0956,2.40,1.90
2008.06.10 16:08:38.699,2.0952,2.0957,2.40,2.00
2008.06.10 16:08:38.840,2.0952,2.0955,2.40,1.90
2008.06.10 16:08:42.687,2.09515,2.0955,1.90,1.90
2008.06.10 16:08:42.940,2.0951,2.0955,2.40,1.90
2008.06.10 16:08:43.349,2.0952,2.0955,2.40,1.90
2008.06.10 16:08:44.001,2.095,2.0954,2.70,0.10
2008.06.10 16:08:44.172,2.0952,2.0954,2.40,0.10
2008.06.10 16:08:45.724,2.0953,2.0955,2.40,1.90
2008.06.10 16:08:47.651,2.0952,2.0955,2.40,1.90
2008.06.10 16:08:47.858,2.0952,2.0956,2.40,2.00
2008.06.10 16:08:48.074,2.0952,2.0955,2.40,1.90
2008.06.10 16:08:48.339,2.0952,2.0956,2.40,2.00
2008.06.10 16:08:48.434,2.0952,2.0956,2.40,0.10
2008.06.10 16:08:48.762,2.0952,2.0956,2.40,1.90
2008.06.10 16:08:48.904,2.0952,2.0957,2.40,2.00
2008.06.10 16:08:49.045,2.0952,2.0956,2.40,1.90
2008.06.10 16:08:49.469,2.0952,2.0957,2.40,0.10
2008.06.10 16:08:50.161,2.0952,2.0957,2.40,1.00
2008.06.10 16:08:55.112,2.0952,2.0957,2.40,0.10
2008.06.10 16:08:56.771,2.0954,2.0957,2.40,0.10
2008.06.10 16:08:56.954,2.0952,2.0957,3.30,0.10
2008.06.10 16:08:57.201,2.0952,2.0957,2.40,0.10
2008.06.10 16:08:58.927,2.0953,2.0957,0.90,0.10
2008.06.10 16:08:58.957,2.0953,2.0955,0.90,0.10
2008.06.10 16:08:59.145,2.0952,2.0955,2.40,0.10
2008.06.10 16:09:01.367,2.0952,2.0956,2.40,0.90
2008.06.10 16:09:01.465,2.0952,2.0957,2.40,0.10
2008.06.10 16:09:07.963,2.0952,2.0955,2.40,0.10
2008.06.10 16:09:14.696,2.095,2.0953,4.60,0.10
2008.06.10 16:09:14.770,2.095,2.0953,2.20,0.10
2008.06.10 16:09:14.927,2.095,2.0953,3.30,0.10
2008.06.10 16:09:15.152,2.095,2.0953,2.40,0.10
2008.06.10 16:09:16.270,2.0952,2.0955,2.40,0.10
2008.06.10 16:09:16.502,2.0952,2.0957,2.40,0.10
2008.06.10 16:09:16.747,2.0954,2.0957,2.40,0.10
2008.06.10 16:09:18.734,2.0954,2.0958,2.40,1.00
2008.06.10 16:09:19.409,2.0954,2.0958,3.30,1.00
2008.06.10 16:09:19.536,2.0956,2.0958,2.40,0.90
2008.06.10 16:09:21.589,2.0954,2.0957,3.10,0.10
2008.06.10 16:09:21.698,2.0956,2.0958,2.40,0.90
2008.06.10 16:09:22.039,2.0956,2.0959,2.40,0.10
2008.06.10 16:09:22.820,2.0954,2.0957,2.40,0.10
2008.06.10 16:09:24.648,2.0956,2.09585,2.40,0.90
2008.06.10 16:09:24.949,2.0956,2.0959,2.40,0.10
2008.06.10 16:09:25.110,2.0954,2.0959,3.30,0.10
2008.06.10 16:09:25.278,2.0954,2.0959,4.20,0.10
2008.06.10 16:09:25.440,2.0954,2.0959,5.60,0.10
2008.06.10 16:09:25.652,2.0954,2.0959,2.70,0.10
2008.06.10 16:09:26.005,2.0954,2.0958,3.30,0.10
2008.06.10 16:09:31.900,2.0954,2.0958,2.40,0.10
2008.06.10 16:09:43.364,2.0953,2.0958,2.40,0.10
2008.06.10 16:09:45.342,2.0954,2.0958,2.40,0.10
2008.06.10 16:09:46.344,2.0954,2.0959,2.40,0.10
2008.06.10 16:09:47.523,2.0954,2.0957,2.40,0.10
2008.06.10 16:09:48.914,2.0954,2.0959,2.40,0.10
2008.06.10 16:09:50.511,2.0954,2.0957,2.40,0.10
2008.06.10 16:09:52.403,2.0954,2.0959,2.40,1.00
2008.06.10 16:09:52.541,2.0954,2.0959,2.40,0.10
2008.06.10 16:09:53.562,2.0954,2.0957,2.40,0.10
2008.06.10 16:09:54.353,2.09515,2.0955,2.80,0.10
2008.06.10 16:09:54.530,2.0951,2.0955,2.40,0.10
2008.06.10 16:09:54.716,2.095,2.0955,4.40,0.10
2008.06.10 16:09:54.906,2.095,2.0955,3.30,0.10
2008.06.10 16:09:55.093,2.095,2.0955,2.40,0.10
2008.06.10 16:09:55.282,2.095,2.0953,2.40,0.10
2008.06.10 16:09:55.962,2.0949,2.0953,0.90,0.10
2008.06.10 16:09:56.207,2.0949,2.0951,0.90,0.10
2008.06.10 16:09:56.443,2.0947,2.0949,2.80,0.10
2008.06.10 16:09:56.633,2.0947,2.0949,1.90,0.10
2008.06.10 16:09:56.822,2.0946,2.0949,3.30,0.10
2008.06.10 16:09:57.025,2.0946,2.0949,2.40,0.10
2008.06.10 16:09:57.424,2.0945,2.0949,0.90,0.10
2008.06.10 16:09:57.638,2.0946,2.0949,2.40,0.10
2008.06.10 16:09:57.861,2.0946,2.0949,0.90,0.10
2008.06.10 16:09:58.082,2.0949,2.09515,0.90,0.90
2008.06.10 16:09:58.303,2.0948,2.0953,3.30,0.10
2008.06.10 16:09:58.516,2.095,2.0953,2.40,0.10
2008.06.10 16:09:58.700,2.095,2.0953,3.30,0.10
2008.06.10 16:10:00.836,2.095,2.0953,3.10,0.10
2008.06.10 16:10:00.979,2.0952,2.0955,2.40,0.10
2008.06.10 16:10:01.172,2.095,2.0955,3.30,0.10
2008.06.10 16:10:01.458,2.0951,2.0955,0.90,0.10
2008.06.10 16:10:01.647,2.0951,2.0955,5.20,0.10
2008.06.10 16:10:01.865,2.0954,2.0957,3.30,0.10
2008.06.10 16:10:02.712,2.0954,2.0959,3.30,0.10
2008.06.10 16:10:03.427,2.0954,2.0959,2.40,0.10
2008.06.10 16:10:04.388,2.0954,2.0957,2.40,0.10
2008.06.10 16:10:04.948,2.0954,2.0959,2.40,0.10
2008.06.10 16:10:05.390,2.0954,2.0957,2.40,0.10
2008.06.10 16:10:06.052,2.09555,2.0957,0.90,0.10
2008.06.10 16:10:06.231,2.0956,2.0957,0.90,0.10
2008.06.10 16:10:06.456,2.0958,2.0962,2.40,3.10
2008.06.10 16:10:06.639,2.0958,2.0961,2.40,0.10
2008.06.10 16:10:06.685,2.0958,2.0961,2.40,0.10
2008.06.10 16:10:06.951,2.0959,2.0963,2.40,0.10
2008.06.10 16:10:07.415,2.0958,2.0963,2.40,0.10
2008.06.10 16:10:08.177,2.0958,2.0961,2.40,0.10
2008.06.10 16:10:11.601,2.0958,2.0963,2.40,0.10
2008.06.10 16:10:12.118,2.09595,2.0963,0.90,0.10
2008.06.10 16:10:12.320,2.096,2.0963,0.90,0.10
2008.06.10 16:10:12.570,2.0962,2.0966,2.40,0.10
2008.06.10 16:10:13.058,2.0961,2.0966,2.40,0.10
2008.06.10 16:10:13.307,2.0962,2.0967,2.40,0.10
2008.06.10 16:10:13.569,2.0963,2.0967,2.40,0.10
2008.06.10 16:10:13.952,2.0963,2.0968,2.40,0.10
2008.06.10 16:10:14.330,2.0965,2.0969,2.40,0.10
2008.06.10 16:10:14.419,2.0965,2.09705,2.40,1.00
2008.06.10 16:10:14.647,2.0965,2.09715,2.40,1.20
2008.06.10 16:10:18.615,2.0966,2.097,1.90,0.20
2008.06.10 16:10:18.717,2.0967,2.0974,2.40,3.10
2008.06.10 16:10:20.495,2.0966,2.0974,2.40,8.80
2008.06.10 16:10:22.727,2.0965,2.097,2.70,0.20
2008.06.10 16:10:22.846,2.0965,2.09725,2.40,1.20
2008.06.10 16:10:23.662,2.0964,2.0972,3.30,4.00
2008.06.10 16:10:24.208,2.0964,2.0972,2.40,8.80
2008.06.10 16:10:24.463,2.0964,2.0968,2.40,0.20
2008.06.10 16:10:24.793,2.0963,2.097,2.80,1.20
2008.06.10 16:10:24.884,2.09625,2.0967,2.80,0.20
2008.06.10 16:10:24.983,2.09625,2.09695,0.90,1.20
2008.06.10 16:10:25.083,2.0962,2.0969,3.30,3.10
2008.06.10 16:10:27.174,2.0962,2.09695,2.40,1.20
2008.06.10 16:10:32.430,2.0962,2.09685,2.40,4.00
2008.06.10 16:10:32.652,2.0962,2.09685,2.40,1.20
2008.06.10 16:10:34.920,2.0962,2.0965,2.40,0.20
2008.06.10 16:10:36.722,2.096,2.0965,3.30,0.20
2008.06.10 16:10:36.789,2.096,2.0965,2.40,0.20
2008.06.10 16:10:37.018,2.096,2.0965,3.30,0.20
2008.06.10 16:10:37.669,2.0962,2.0965,2.40,0.20
2008.06.10 16:10:38.461,2.0962,2.0967,2.40,0.20
2008.06.10 16:10:38.601,2.0962,2.0967,3.30,0.20
2008.06.10 16:10:38.665,2.0962,2.0967,3.30,3.00
2008.06.10 16:10:39.028,2.0962,2.0963,0.90,0.20
2008.06.10 16:10:39.170,2.09605,2.0965,0.90,0.20
2008.06.10 16:10:39.575,2.096,2.0965,3.30,0.20
2008.06.10 16:10:43.974,2.0962,2.0965,2.40,0.20
2008.06.10 16:10:44.440,2.0962,2.0967,2.40,0.20
2008.06.10 16:10:44.512,2.0962,2.0965,2.40,0.20
2008.06.10 16:10:45.127,2.0964,2.0967,2.40,0.20
2008.06.10 16:10:48.106,2.0966,2.09685,2.40,0.90
2008.06.10 16:10:48.141,2.0966,2.0969,2.40,1.20
2008.06.10 16:10:48.225,2.0966,2.0969,2.40,0.20
2008.06.10 16:10:48.889,2.0964,2.09705,2.40,1.20
2008.06.10 16:10:49.451,2.0964,2.09705,2.40,1.20
2008.06.10 16:10:56.270,2.0963,2.09685,2.40,1.20
2008.06.10 16:11:05.911,2.0962,2.0966,0.90,0.20
2008.06.10 16:11:05.995,2.09615,2.0966,0.90,0.20
2008.06.10 16:11:06.935,2.09615,2.0965,0.90,0.20
2008.06.10 16:11:07.292,2.09615,2.0966,0.90,0.20
2008.06.10 16:11:08.670,2.0961,2.0966,3.30,0.20
2008.06.10 16:11:10.341,2.0961,2.0966,4.60,0.20
2008.06.10 16:11:11.191,2.0962,2.0966,2.40,0.20
2008.06.10 16:11:11.611,2.0963,2.0968,2.40,0.20
2008.06.10 16:11:16.471,2.0963,2.0966,2.40,0.20
2008.06.10 16:11:18.143,2.0963,2.0968,2.40,0.20
2008.06.10 16:11:20.781,2.0965,2.0968,2.40,0.20
2008.06.10 16:11:20.808,2.0965,2.09695,2.40,1.20
2008.06.10 16:11:20.960,2.0964,2.09695,2.40,1.20
2008.06.10 16:11:21.106,2.0963,2.0967,0.90,0.20
2008.06.10 16:11:21.528,2.0962,2.09695,3.30,1.20
2008.06.10 16:11:24.600,2.0962,2.0968,2.40,1.20
2008.06.10 16:11:28.262,2.0962,2.0969,2.40,8.80
2008.06.10 16:11:28.899,2.0962,2.0968,2.40,6.00
2008.06.10 16:11:29.631,2.0962,2.0967,2.40,0.20
2008.06.10 16:11:30.279,2.0962,2.09685,3.30,1.20
2008.06.10 16:11:30.411,2.0963,2.09685,2.40,1.20
2008.06.10 16:11:30.534,2.0962,2.0969,3.70,4.00
2008.06.10 16:11:30.682,2.0962,2.0969,3.30,4.00
2008.06.10 16:11:30.809,2.0963,2.0968,2.40,0.20
2008.06.10 16:11:31.030,2.0964,2.0969,2.40,1.00
2008.06.10 16:11:31.396,2.0964,2.0969,2.40,5.10
2008.06.10 16:11:31.789,2.0964,2.0969,2.40,1.00
2008.06.10 16:11:32.375,2.0964,2.0969,2.40,0.20
2008.06.10 16:11:33.621,2.0966,2.0971,2.40,5.50
2008.06.10 16:11:33.696,2.0966,2.0971,2.40,2.50
2008.06.10 16:11:33.776,2.0966,2.0972,2.40,1.20
2008.06.10 16:11:35.943,2.0967,2.0973,2.40,5.00
2008.06.10 16:11:36.967,2.0966,2.09735,3.30,1.20
2008.06.10 16:11:37.282,2.0966,2.09735,2.40,1.20
2008.06.10 16:11:37.595,2.0967,2.0973,2.40,5.00
2008.06.10 16:11:39.362,2.0967,2.0971,2.40,0.20
2008.06.10 16:11:42.778,2.0966,2.0971,2.40,0.20
2008.06.10 16:11:44.657,2.0967,2.09725,2.40,1.20
2008.06.10 16:11:45.074,2.0966,2.0971,2.40,0.20
2008.06.10 16:11:45.553,2.0967,2.0971,2.40,0.20
2008.06.10 16:11:46.583,2.0966,2.09735,2.40,1.20
2008.06.10 16:11:47.186,2.0967,2.0971,2.40,0.20
2008.06.10 16:11:48.475,2.0967,2.09735,2.40,3.10
2008.06.10 16:11:48.585,2.0967,2.09735,2.40,3.10
2008.06.10 16:11:48.699,2.0967,2.09735,2.40,3.10
2008.06.10 16:11:51.332,2.0967,2.09735,2.40,4.00
2008.06.10 16:11:51.444,2.0967,2.0972,2.40,0.20
2008.06.10 16:11:53.732,2.0967,2.09735,2.40,4.00
2008.06.10 16:11:56.903,2.0967,2.0973,2.40,1.20
2008.06.10 16:11:57.486,2.0967,2.09725,2.40,1.20
2008.06.10 16:11:59.866,2.0965,2.0972,3.90,1.20
2008.06.10 16:12:00.043,2.0965,2.0972,3.30,1.20
2008.06.10 16:12:00.087,2.0965,2.097,2.40,0.20
2008.06.10 16:12:08.149,2.0966,2.097,2.40,0.20
2008.06.10 16:12:09.537,2.0965,2.09725,2.40,1.20
2008.06.10 16:12:12.485,2.0964,2.09715,3.30,1.20
2008.06.10 16:12:12.738,2.0964,2.0969,2.40,0.20
2008.06.10 16:12:13.634,2.0965,2.09715,2.40,1.20
2008.06.10 16:12:16.050,2.0966,2.0971,2.40,0.20
2008.06.10 16:12:16.628,2.0966,2.0972,2.40,1.20
2008.06.10 16:12:18.753,2.0967,2.097,2.40,0.20
2008.06.10 16:12:21.655,2.0967,2.0973,2.40,6.90
2008.06.10 16:12:21.806,2.0967,2.0972,2.40,2.60
2008.06.10 16:12:21.863,2.0965,2.0972,4.00,5.00
2008.06.10 16:12:21.970,2.0965,2.0972,3.30,5.00
2008.06.10 16:12:22.097,2.09665,2.0973,1.90,9.70
2008.06.10 16:12:22.157,2.09665,2.09735,1.90,1.20
2008.06.10 16:12:22.213,2.0969,2.09735,2.40,1.20
2008.06.10 16:12:22.662,2.09665,2.09735,1.90,4.00
2008.06.10 16:12:22.860,2.0965,2.097,3.30,0.20
2008.06.10 16:12:23.235,2.0965,2.0972,2.40,5.00
2008.06.10 16:12:23.467,2.0967,2.0972,2.40,0.20
2008.06.10 16:12:23.654,2.09655,2.09735,1.90,4.00
2008.06.10 16:12:24.637,2.0966,2.09735,1.90,1.20
2008.06.10 16:12:25.095,2.0965,2.09725,4.90,3.10
2008.06.10 16:12:25.165,2.0965,2.09725,2.80,3.10
2008.06.10 16:12:25.238,2.09645,2.0971,2.80,0.20
2008.06.10 16:12:25.353,2.0966,2.09725,2.40,3.10
2008.06.10 16:12:25.626,2.09665,2.0973,1.90,6.90
2008.06.10 16:12:25.877,2.0967,2.0973,2.40,2.10
2008.06.10 16:12:26.096,2.0969,2.0971,2.40,0.20
2008.06.10 16:12:26.281,2.0967,2.0971,1.90,0.20
2008.06.10 16:12:26.466,2.0966,2.0973,4.20,5.00
2008.06.10 16:12:26.648,2.09665,2.0973,1.90,4.00
2008.06.10 16:12:26.823,2.09665,2.0973,1.90,0.20
2008.06.10 16:12:27.068,2.0967,2.0974,1.90,5.00
2008.06.10 16:12:27.293,2.09675,2.0973,1.90,0.20
2008.06.10 16:12:27.515,2.0968,2.0975,2.40,2.10
2008.06.10 16:12:27.733,2.0968,2.0972,2.40,0.20
2008.06.10 16:12:28.085,2.09665,2.0975,1.90,6.90
2008.06.10 16:12:28.513,2.09665,2.0974,1.90,6.00
2008.06.10 16:12:28.652,2.09675,2.0973,1.90,0.20
2008.06.10 16:12:28.922,2.0967,2.0975,1.90,8.80
2008.06.10 16:12:29.331,2.09675,2.0975,1.90,8.80
2008.06.10 16:12:30.334,2.0969,2.0975,0.90,6.00
2008.06.10 16:12:30.461,2.097,2.0975,2.40,4.00
2008.06.10 16:12:30.725,2.09665,2.0975,3.60,4.00
2008.06.10 16:12:30.835,2.09675,2.0971,1.90,0.20
2008.06.10 16:12:30.940,2.0968,2.0975,2.40,3.10
2008.06.10 16:12:34.080,2.097,2.0973,2.40,0.20
2008.06.10 16:12:34.481,2.0969,2.0973,0.90,0.20
2008.06.10 16:12:34.684,2.0968,2.0975,3.20,2.10
2008.06.10 16:12:34.793,2.097,2.0973,2.40,0.20
2008.06.10 16:12:39.244,2.097,2.0976,2.40,8.70
2008.06.10 16:12:39.283,2.097,2.0976,2.40,10.80
2008.06.10 16:12:39.321,2.097,2.0976,2.40,10.80
2008.06.10 16:12:39.995,2.0968,2.0973,2.40,0.20
2008.06.10 16:12:41.707,2.0968,2.0973,3.30,0.20
2008.06.10 16:12:41.805,2.097,2.09745,2.40,7.60
2008.06.10 16:12:41.982,2.0972,2.0975,2.40,5.80
2008.06.10 16:12:42.162,2.0972,2.0975,2.40,0.20
2008.06.10 16:12:42.482,2.097,2.0973,2.40,0.20
2008.06.10 16:12:42.582,2.097,2.0976,2.40,3.10
2008.06.10 16:12:43.313,2.097,2.0973,2.40,0.20
2008.06.10 16:12:44.522,2.0968,2.0973,2.40,0.20
2008.06.10 16:12:45.475,2.0968,2.0971,2.40,0.20
2008.06.10 16:12:57.668,2.0966,2.0971,3.20,0.20
2008.06.10 16:12:57.834,2.0967,2.0974,2.40,3.10
2008.06.10 16:12:58.957,2.0967,2.0975,3.30,10.60
2008.06.10 16:12:59.108,2.09675,2.09755,1.90,3.10
2008.06.10 16:13:01.594,2.0968,2.0976,2.40,3.10
2008.06.10 16:13:01.897,2.0968,2.0974,4.20,0.20
2008.06.10 16:13:01.993,2.0968,2.0974,4.50,0.20
2008.06.10 16:13:02.283,2.0968,2.0976,5.40,3.10
2008.06.10 16:13:03.320,2.0969,2.0976,1.90,2.10
2008.06.10 16:13:03.344,2.097,2.0977,2.40,7.80
2008.06.10 16:13:03.442,2.097,2.0977,2.40,8.80
2008.06.10 16:13:03.674,2.097,2.0977,2.40,9.70
2008.06.10 16:13:03.778,2.097,2.0975,2.40,0.20
2008.06.10 16:13:04.152,2.0971,2.0976,2.40,3.10
2008.06.10 16:13:05.224,2.097,2.0976,2.40,3.10
2008.06.10 16:13:11.131,2.0969,2.0976,2.80,1.20
2008.06.10 16:13:11.162,2.0969,2.0976,0.90,1.20
2008.06.10 16:13:11.284,2.09685,2.0975,1.90,0.20
2008.06.10 16:13:11.408,2.0968,2.0976,2.50,2.10
2008.06.10 16:13:11.581,2.0968,2.0973,2.40,0.20
2008.06.10 16:13:12.840,2.0968,2.0974,2.40,0.20
2008.06.10 16:13:13.863,2.09695,2.09765,1.90,1.20
2008.06.10 16:13:13.966,2.097,2.09765,2.40,1.20
2008.06.10 16:13:14.753,2.097,2.09765,2.40,1.20
2008.06.10 16:13:21.286,2.097,2.0976,2.40,2.10
2008.06.10 16:13:28.193,2.0969,2.0974,3.30,0.20
2008.06.10 16:13:28.348,2.0969,2.0974,2.40,0.20
2008.06.10 16:13:29.799,2.0969,2.0974,3.30,0.20
2008.06.10 16:13:30.031,2.0971,2.0974,2.40,0.20
2008.06.10 16:13:30.800,2.097,2.0974,2.40,0.20
2008.06.10 16:13:31.337,2.097,2.09755,2.40,1.20
2008.06.10 16:13:33.274,2.097,2.09755,2.40,1.40
2008.06.10 16:13:34.718,2.097,2.0975,2.40,1.00
2008.06.10 16:13:34.849,2.097,2.0976,3.30,5.80
2008.06.10 16:13:34.996,2.0972,2.0975,2.40,0.20
2008.06.10 16:13:36.020,2.097,2.0977,3.30,2.10
2008.06.10 16:13:36.124,2.097,2.0975,2.40,0.20
2008.06.10 16:13:37.995,2.097,2.0975,3.30,0.20
2008.06.10 16:13:38.208,2.097,2.0977,2.40,7.90
2008.06.10 16:13:38.354,2.0972,2.0977,2.40,7.90
2008.06.10 16:14:08.861,2.097,2.0974,2.40,0.20
2008.06.10 16:14:08.892,2.097,2.0976,2.40,1.20
2008.06.10 16:14:14.386,2.0969,2.09755,3.30,1.20
2008.06.10 16:14:14.556,2.0969,2.0974,2.40,0.20
2008.06.10 16:14:14.609,2.097,2.0974,2.40,0.20
2008.06.10 16:14:15.324,2.0969,2.0974,3.30,0.20
2008.06.10 16:14:16.186,2.0969,2.09755,2.40,1.20
2008.06.10 16:14:16.678,2.0969,2.0975,2.40,1.20
2008.06.10 16:14:17.472,2.0967,2.0973,3.30,1.20
2008.06.10 16:14:17.558,2.0967,2.0973,2.40,1.20
2008.06.10 16:14:17.939,2.0967,2.097,2.40,0.20
2008.06.10 16:14:18.396,2.0967,2.0973,2.40,6.00
2008.06.10 16:14:20.924,2.0967,2.097,2.40,0.20
2008.06.10 16:14:21.713,2.0965,2.0972,2.40,6.00
2008.06.10 16:14:22.759,2.0967,2.097,2.40,0.20
2008.06.10 16:14:22.966,2.0966,2.0972,2.40,3.10
2008.06.10 16:14:23.565,2.0964,2.0972,2.40,5.00
2008.06.10 16:14:24.097,2.0964,2.0968,2.40,0.20
2008.06.10 16:14:24.356,2.0964,2.0968,3.30,0.20
2008.06.10 16:14:24.625,2.0964,2.09715,2.40,1.20
2008.06.10 16:14:25.334,2.09645,2.0968,1.90,0.20
2008.06.10 16:14:25.641,2.0966,2.09725,2.40,1.20
2008.06.10 16:14:25.786,2.09645,2.09725,1.90,1.20
2008.06.10 16:14:25.938,2.0964,2.0971,3.30,0.20
2008.06.10 16:14:26.094,2.09645,2.0971,0.90,0.20
2008.06.10 16:14:26.238,2.0965,2.0971,2.40,0.20
2008.06.10 16:14:26.386,2.0965,2.0971,2.40,0.20
2008.06.10 16:14:26.574,2.0966,2.0971,3.30,0.20
2008.06.10 16:14:26.745,2.0965,2.0973,0.90,3.10
2008.06.10 16:14:26.910,2.0966,2.09735,1.90,1.20
2008.06.10 16:14:27.074,2.0967,2.0974,2.40,5.00
2008.06.10 16:14:28.139,2.0967,2.0972,2.40,0.20
2008.06.10 16:14:32.278,2.09655,2.0973,0.90,1.20
2008.06.10 16:14:32.982,2.0966,2.0972,1.90,0.20
2008.06.10 16:14:33.383,2.09655,2.0974,2.80,4.00
2008.06.10 16:14:33.525,2.0966,2.0972,3.30,0.20
2008.06.10 16:14:34.948,2.0966,2.0974,3.30,1.20
2008.06.10 16:14:35.145,2.0966,2.0974,3.30,4.00
2008.06.10 16:14:35.345,2.0967,2.09735,2.40,3.10
2008.06.10 16:14:35.991,2.0968,2.0974,2.40,3.10
2008.06.10 16:14:37.643,2.0967,2.09745,2.40,4.00
2008.06.10 16:14:37.842,2.0968,2.09745,2.40,4.00
2008.06.10 16:14:39.816,2.0967,2.0972,2.40,0.20
2008.06.10 16:14:40.498,2.0968,2.0973,2.40,0.20
2008.06.10 16:14:40.810,2.0967,2.09735,2.40,3.10
2008.06.10 16:14:41.374,2.0968,2.0972,2.40,0.20
2008.06.10 16:14:41.748,2.0967,2.0974,2.40,6.00
2008.06.10 16:14:41.981,2.0967,2.0974,2.40,6.00
2008.06.10 16:14:45.984,2.0966,2.0971,3.80,0.20
2008.06.10 16:14:46.054,2.0966,2.0974,3.30,6.00
2008.06.10 16:14:48.299,2.0967,2.0974,2.40,6.00
2008.06.10 16:14:49.139,2.0968,2.0971,2.40,0.20
2008.06.10 16:14:49.292,2.0967,2.0974,2.40,4.00
2008.06.10 16:14:51.023,2.0968,2.0974,2.40,6.00
2008.06.10 16:14:51.491,2.0967,2.0974,2.40,8.80
2008.06.10 16:14:53.058,2.0967,2.09725,2.40,4.00
2008.06.10 16:14:53.190,2.0966,2.09725,2.40,4.00
2008.06.10 16:14:53.460,2.0966,2.09725,2.40,1.20
2008.06.10 16:14:53.712,2.0965,2.0971,2.40,0.20
2008.06.10 16:14:54.010,2.0966,2.0971,2.40,0.20
2008.06.10 16:14:54.406,2.0965,2.0971,2.40,1.20
2008.06.10 16:14:54.639,2.0964,2.0969,2.40,0.20
2008.06.10 16:14:55.490,2.0966,2.0971,2.40,0.20
2008.06.10 16:14:55.758,2.0965,2.09715,2.40,1.20
2008.06.10 16:14:58.556,2.0966,2.09715,2.40,1.20
2008.06.10 16:14:58.865,2.0965,2.09715,3.30,1.20
2008.06.10 16:14:59.409,2.0966,2.09725,2.40,1.20
2008.06.10 16:14:59.696,2.0967,2.0972,2.40,0.20
2008.06.10 16:14:59.943,2.0966,2.09735,2.40,4.00
2008.06.10 16:15:00.619,2.0967,2.0973,2.40,1.20
2008.06.10 16:15:05.683,2.0966,2.09735,2.40,1.20
2008.06.10 16:15:08.399,2.0968,2.09735,2.40,1.20
2008.06.10 16:15:10.384,2.0968,2.0972,2.40,0.20
2008.06.10 16:15:12.883,2.0968,2.0974,2.40,1.20
2008.06.10 16:15:14.411,2.0968,2.09745,2.40,1.20
2008.06.10 16:15:17.177,2.0969,2.09745,2.40,1.20
2008.06.10 16:15:17.730,2.09675,2.0972,2.50,0.20
2008.06.10 16:15:17.832,2.0968,2.0972,0.90,0.20
2008.06.10 16:15:18.023,2.0969,2.09745,2.40,1.20
2008.06.10 16:15:19.254,2.0969,2.09745,2.40,1.20
2008.06.10 16:15:20.109,2.0969,2.09745,2.40,1.40
2008.06.10 16:15:20.280,2.0969,2.0972,2.40,0.20
2008.06.10 16:15:20.354,2.0969,2.0972,2.20,0.20
2008.06.10 16:15:20.722,2.0969,2.0976,2.80,7.90
2008.06.10 16:15:21.133,2.0969,2.0976,2.40,3.10
2008.06.10 16:15:21.309,2.0969,2.0974,3.00,0.20
2008.06.10 16:15:21.502,2.0969,2.0976,2.40,2.10
2008.06.10 16:15:24.916,2.0969,2.09755,2.40,1.20
2008.06.10 16:15:26.062,2.0969,2.09755,3.30,1.20
2008.06.10 16:15:26.204,2.0971,2.09755,2.40,1.20
2008.06.10 16:15:26.593,2.097,2.09755,0.90,1.20
2008.06.10 16:15:26.755,2.0969,2.09755,2.40,1.20
2008.06.10 16:15:27.488,2.0968,2.09755,2.80,1.20
2008.06.10 16:15:27.631,2.0968,2.0972,0.90,0.20
2008.06.10 16:15:27.780,2.0967,2.0972,1.80,0.20
2008.06.10 16:15:28.105,2.09675,2.0975,1.90,2.10
2008.06.10 16:15:28.877,2.0967,2.0972,2.70,0.20
2008.06.10 16:15:28.928,2.0967,2.0975,3.00,1.20
2008.06.10 16:15:29.416,2.0967,2.0975,3.40,3.10
2008.06.10 16:15:29.672,2.0967,2.0971,2.40,0.20
2008.06.10 16:15:30.495,2.0966,2.0973,2.80,0.20
2008.06.10 16:15:30.708,2.0966,2.0974,1.90,5.00
2008.06.10 16:15:33.915,2.09655,2.0974,2.40,3.10
2008.06.10 16:15:33.966,2.0966,2.0974,0.90,3.10
2008.06.10 16:15:34.481,2.0969,2.0974,2.40,1.20
2008.06.10 16:15:34.804,2.0971,2.0975,2.40,1.20
2008.06.10 16:15:35.120,2.0969,2.0975,1.90,3.10
2008.06.10 16:15:35.338,2.0967,2.0975,2.20,3.10
2008.06.10 16:15:35.460,2.0967,2.0971,2.40,0.20
2008.06.10 16:15:35.559,2.09665,2.0971,0.90,0.20
2008.06.10 16:15:35.661,2.09655,2.09735,2.80,3.10
2008.06.10 16:15:36.602,2.09655,2.0971,1.90,0.20
2008.06.10 16:15:37.420,2.0966,2.0971,2.40,0.20
2008.06.10 16:15:37.583,2.0968,2.0974,2.40,10.80
2008.06.10 16:15:40.890,2.0969,2.0975,2.40,3.10
2008.06.10 16:15:53.537,2.0969,2.0976,2.40,3.10
2008.06.10 16:15:53.953,2.097,2.0975,2.40,0.20
2008.06.10 16:15:54.623,2.0969,2.0976,2.40,6.90
2008.06.10 16:15:55.084,2.0969,2.0974,2.40,0.20
2008.06.10 16:15:55.491,2.0969,2.0973,2.40,0.20
2008.06.10 16:16:00.421,2.0967,2.0972,3.30,0.20
2008.06.10 16:16:00.516,2.09675,2.0972,1.90,0.20
2008.06.10 16:16:00.580,2.09675,2.0974,1.90,4.00
2008.06.10 16:16:00.733,2.0967,2.0974,2.40,5.00
2008.06.10 16:16:01.662,2.0967,2.0973,2.40,5.00
2008.06.10 16:16:02.314,2.0969,2.0972,2.40,0.20
2008.06.10 16:16:03.101,2.0967,2.0975,5.60,8.80
2008.06.10 16:16:03.323,2.0969,2.0972,2.40,0.20
2008.06.10 16:16:03.640,2.0969,2.09745,2.40,1.20
2008.06.10 16:16:08.741,2.0969,2.0975,2.40,3.10
2008.06.10 16:16:10.641,2.0967,2.09745,2.50,1.20
2008.06.10 16:16:11.031,2.0967,2.0972,2.40,0.20
2008.06.10 16:16:13.183,2.0967,2.0972,3.90,0.20
2008.06.10 16:16:14.120,2.0967,2.0974,2.40,7.90
2008.06.10 16:16:14.173,2.0967,2.09745,2.40,10.60
2008.06.10 16:16:14.220,2.0968,2.0975,1.90,6.80
2008.06.10 16:16:14.362,2.0968,2.0974,1.90,0.20
2008.06.10 16:16:14.692,2.09685,2.0975,1.90,2.10
2008.06.10 16:16:14.739,2.0969,2.0975,2.40,2.10
2008.06.10 16:16:14.941,2.0971,2.09755,2.40,1.20
2008.06.10 16:16:15.882,2.0969,2.0974,2.40,0.20
2008.06.10 16:16:18.387,2.0969,2.0972,2.40,0.20
2008.06.10 16:16:18.788,2.0969,2.0974,2.40,0.20
2008.06.10 16:16:20.549,2.0971,2.0974,2.40,0.20
2008.06.10 16:16:21.008,2.0969,2.0974,3.30,0.20
2008.06.10 16:16:21.218,2.0971,2.0975,2.40,5.00
2008.06.10 16:16:22.156,2.0969,2.09755,3.30,1.20
2008.06.10 16:16:22.285,2.0969,2.0975,2.40,5.00
2008.06.10 16:16:23.497,2.0968,2.0973,2.80,0.20
2008.06.10 16:16:23.555,2.0968,2.0973,2.40,0.20
2008.06.10 16:16:24.159,2.0966,2.0971,2.50,0.20
2008.06.10 16:16:24.245,2.0966,2.09735,3.30,4.00
2008.06.10 16:16:24.328,2.0966,2.09735,2.40,4.00
2008.06.10 16:16:26.033,2.0966,2.0973,2.40,4.00
2008.06.10 16:16:33.420,2.0968,2.0973,2.40,5.00
2008.06.10 16:16:33.645,2.0966,2.0973,3.40,6.00
2008.06.10 16:16:33.766,2.0966,2.0973,2.40,6.00
2008.06.10 16:16:33.845,2.0966,2.0973,2.20,6.00
2008.06.10 16:16:34.422,2.0966,2.0973,3.40,5.00
2008.06.10 16:16:34.652,2.0966,2.097,2.40,0.20
2008.06.10 16:16:39.425,2.0965,2.0969,0.90,0.20
2008.06.10 16:16:39.514,2.0964,2.09715,2.40,3.10
2008.06.10 16:16:39.640,2.0965,2.0969,2.40,0.20
2008.06.10 16:16:44.625,2.0965,2.0968,2.40,0.20
2008.06.10 16:16:45.673,2.0963,2.0969,2.40,1.20
2008.06.10 16:16:47.228,2.0964,2.0969,2.40,1.20
2008.06.10 16:16:47.435,2.0963,2.0969,2.40,1.20
2008.06.10 16:16:47.867,2.0963,2.0966,2.40,0.20
2008.06.10 16:16:48.111,2.0964,2.0968,2.40,0.20
2008.06.10 16:16:50.646,2.0965,2.097,2.40,3.10
2008.06.10 16:16:51.777,2.0965,2.0968,2.40,0.20
2008.06.10 16:16:54.999,2.0965,2.09685,2.40,4.90
2008.06.10 16:16:55.172,2.0961,2.0968,1.90,4.00
2008.06.10 16:16:55.298,2.0961,2.0965,0.90,0.20
2008.06.10 16:16:55.573,2.09605,2.0965,0.90,0.20
2008.06.10 16:16:55.798,2.096,2.0968,3.30,4.00
2008.06.10 16:16:56.101,2.096,2.09675,5.10,1.20
2008.06.10 16:16:56.171,2.0962,2.0965,2.40,0.20
2008.06.10 16:16:56.488,2.0961,2.0965,0.90,0.20
2008.06.10 16:16:56.594,2.096,2.09675,3.30,1.20
2008.06.10 16:16:57.673,2.0962,2.09675,2.40,4.00
2008.06.10 16:16:57.931,2.096,2.09675,3.30,4.00
2008.06.10 16:16:59.256,2.0961,2.0967,2.40,1.20
2008.06.10 16:16:59.798,2.0962,2.0968,2.40,3.90
2008.06.10 16:17:00.214,2.0962,2.0969,2.40,6.00
2008.06.10 16:17:01.115,2.0962,2.0965,2.40,0.20
2008.06.10 16:17:02.972,2.0962,2.0965,2.40,0.20
2008.06.10 16:17:05.168,2.0962,2.0967,2.40,0.20
2008.06.10 16:17:05.290,2.0962,2.0967,3.30,0.20
2008.06.10 16:17:05.415,2.0964,2.0967,2.40,0.20
2008.06.10 16:17:06.881,2.0962,2.0967,2.40,0.20
2008.06.10 16:17:07.379,2.0964,2.0967,2.40,0.20
2008.06.10 16:17:08.378,2.09615,2.0966,1.90,0.20
2008.06.10 16:17:08.577,2.0961,2.0966,2.40,0.20
2008.06.10 16:17:09.475,2.0962,2.0966,2.40,0.20
2008.06.10 16:17:10.304,2.0963,2.0968,2.40,1.00
2008.06.10 16:17:10.573,2.0963,2.0968,2.40,0.20
2008.06.10 16:17:10.974,2.0964,2.0968,2.40,0.20
2008.06.10 16:17:11.642,2.0962,2.0966,2.40,0.20
2008.06.10 16:17:14.087,2.0963,2.09675,2.40,0.90
2008.06.10 16:17:14.493,2.0963,2.0968,2.40,0.20
2008.06.10 16:17:14.723,2.0963,2.0967,2.40,0.20
2008.06.10 16:17:16.593,2.0964,2.0967,2.40,0.20
2008.06.10 16:17:26.153,2.0964,2.0968,2.40,0.90
2008.06.10 16:17:26.222,2.0964,2.09685,2.40,0.90
2008.06.10 16:17:26.451,2.0964,2.0969,2.40,0.20
2008.06.10 16:17:27.085,2.0964,2.0967,2.40,0.20
2008.06.10 16:17:27.182,2.0964,2.0969,2.40,0.20
2008.06.10 16:17:29.698,2.0964,2.0968,2.40,0.20
2008.06.10 16:17:32.810,2.0964,2.0969,2.40,0.20
2008.06.10 16:17:33.708,2.0964,2.0968,2.40,0.20
2008.06.10 16:17:34.435,2.0963,2.0968,3.30,0.20
2008.06.10 16:17:34.658,2.0963,2.0968,2.40,0.20
2008.06.10 16:17:37.436,2.0963,2.0966,2.40,0.20
2008.06.10 16:17:38.029,2.0962,2.0966,0.90,0.20
2008.06.10 16:17:38.300,2.0963,2.0966,2.40,0.20
2008.06.10 16:17:38.537,2.0962,2.0966,0.90,0.20
2008.06.10 16:17:38.788,2.0962,2.0966,2.40,0.20
2008.06.10 16:17:39.277,2.0962,2.0967,2.40,0.20
2008.06.10 16:17:40.788,2.0963,2.0968,2.40,0.20
2008.06.10 16:17:44.643,2.0963,2.0967,2.40,0.20
2008.06.10 16:17:46.299,2.0964,2.0969,2.40,0.20
2008.06.10 16:17:48.953,2.0964,2.0967,2.40,0.20
2008.06.10 16:17:54.023,2.0964,2.0969,3.20,0.20
2008.06.10 16:17:54.580,2.09645,2.0969,1.90,0.20
2008.06.10 16:17:55.231,2.0965,2.097,2.40,0.20
2008.06.10 16:17:55.259,2.0965,2.0972,2.40,1.20
2008.06.10 16:17:56.192,2.09645,2.0972,1.90,1.20
2008.06.10 16:17:57.271,2.09655,2.0972,1.90,1.20
2008.06.10 16:17:57.444,2.09655,2.0972,1.90,1.20
2008.06.10 16:17:57.546,2.0965,2.0972,2.40,1.20
2008.06.10 16:17:57.645,2.0966,2.0972,0.90,1.20
2008.06.10 16:17:57.822,2.0965,2.0972,1.90,1.20
2008.06.10 16:17:58.109,2.0965,2.0972,1.90,3.10
2008.06.10 16:17:58.206,2.0965,2.09705,1.90,1.20
2008.06.10 16:17:58.439,2.09655,2.09705,1.90,1.20
2008.06.10 16:17:58.681,2.0966,2.0973,0.90,1.20
2008.06.10 16:17:58.905,2.09645,2.09735,3.40,1.20
2008.06.10 16:17:59.137,2.0965,2.09735,1.90,4.00
2008.06.10 16:17:59.366,2.09655,2.0969,1.90,0.20
2008.06.10 16:18:00.081,2.09655,2.097,1.90,0.20
2008.06.10 16:18:00.237,2.09665,2.0973,1.90,4.00
2008.06.10 16:18:01.804,2.09665,2.0972,1.90,3.10
2008.06.10 16:18:02.131,2.0964,2.09715,2.50,3.10
2008.06.10 16:18:02.333,2.0964,2.0968,3.70,0.20
2008.06.10 16:18:03.213,2.09645,2.0972,1.90,1.20
2008.06.10 16:18:03.815,2.0964,2.0968,1.90,0.20
2008.06.10 16:18:03.973,2.0964,2.0968,0.90,0.20
2008.06.10 16:18:04.318,2.09635,2.0972,0.90,6.90
2008.06.10 16:18:04.660,2.09635,2.0972,0.90,6.90
2008.06.10 16:18:05.463,2.09635,2.0971,2.80,3.10
2008.06.10 16:18:07.205,2.09635,2.0971,0.90,3.10
2008.06.10 16:18:08.632,2.09635,2.0971,2.80,3.10
2008.06.10 16:18:08.849,2.09635,2.0971,0.90,3.10
2008.06.10 16:18:10.480,2.09635,2.0971,2.80,3.10
2008.06.10 16:18:10.760,2.09635,2.0971,0.90,3.10
2008.06.10 16:18:26.657,2.0963,2.0967,1.90,0.20
2008.06.10 16:18:27.536,2.0963,2.0967,0.90,0.20
2008.06.10 16:18:29.929,2.0963,2.0966,0.90,0.20
2008.06.10 16:18:30.377,2.0963,2.0965,0.90,0.20
2008.06.10 16:18:30.403,2.09615,2.0965,2.80,0.20
2008.06.10 16:18:31.822,2.09615,2.0965,0.90,0.20
2008.06.10 16:18:31.997,2.0961,2.0965,2.80,0.20
2008.06.10 16:18:32.284,2.09615,2.0965,1.90,0.20
2008.06.10 16:18:32.437,2.0961,2.0965,2.80,0.20
2008.06.10 16:18:32.728,2.0961,2.0965,0.90,0.20
2008.06.10 16:18:33.540,2.09605,2.0965,0.90,0.20
2008.06.10 16:18:33.633,2.0961,2.0965,0.90,0.20
2008.06.10 16:18:34.361,2.0961,2.0963,0.90,0.20
2008.06.10 16:18:34.556,2.09605,2.0963,1.90,0.20
2008.06.10 16:18:34.692,2.09595,2.0963,0.90,0.20
2008.06.10 16:18:35.227,2.096,2.0963,1.90,0.20
2008.06.10 16:18:35.368,2.096,2.0962,1.90,0.20
2008.06.10 16:18:35.656,2.09595,2.0963,2.80,0.20
2008.06.10 16:18:35.955,2.09595,2.0963,0.90,0.20
2008.06.10 16:18:36.246,2.0959,2.0963,0.90,0.20
2008.06.10 16:18:36.924,2.0959,2.0961,0.90,0.20
2008.06.10 16:18:37.807,2.09585,2.0963,0.90,0.20
2008.06.10 16:18:37.988,2.0959,2.0962,1.90,0.20
2008.06.10 16:18:38.510,2.096,2.0963,1.90,0.20
2008.06.10 16:18:38.713,2.096,2.0964,3.60,0.20
2008.06.10 16:18:38.903,2.09595,2.0963,1.90,0.20
2008.06.10 16:18:39.105,2.09595,2.0963,2.80,0.20
2008.06.10 16:18:39.331,2.096,2.0964,2.40,0.20
2008.06.10 16:18:39.705,2.096,2.0964,3.30,0.20
2008.06.10 16:18:40.032,2.096,2.0964,2.60,0.20
2008.06.10 16:18:40.208,2.09605,2.0964,0.90,0.20
2008.06.10 16:18:40.972,2.0961,2.0966,2.40,0.20
2008.06.10 16:18:41.176,2.09605,2.0964,0.90,0.20
2008.06.10 16:18:41.386,2.0961,2.0964,1.90,0.20
2008.06.10 16:18:41.513,2.0961,2.0966,4.40,0.20
2008.06.10 16:18:41.862,2.0961,2.0964,2.80,0.20
2008.06.10 16:18:42.213,2.0961,2.0964,0.90,0.20
2008.06.10 16:18:42.343,2.09605,2.0964,0.90,0.20
2008.06.10 16:18:42.742,2.0961,2.0966,3.30,0.20
2008.06.10 16:18:43.051,2.0961,2.0966,2.40,0.20
2008.06.10 16:18:44.409,2.0961,2.0966,3.00,0.20
2008.06.10 16:18:46.561,2.0961,2.0966,5.10,0.20
2008.06.10 16:18:47.709,2.0961,2.0966,3.80,0.20
2008.06.10 16:18:49.184,2.0961,2.0966,4.40,0.20
2008.06.10 16:18:49.247,2.0961,2.0966,9.00,0.20
2008.06.10 16:18:49.292,2.09625,2.0966,1.90,0.20
2008.06.10 16:18:49.340,2.0963,2.0966,0.90,0.20
2008.06.10 16:18:49.390,2.0963,2.0968,3.30,1.00
2008.06.10 16:18:49.431,2.0963,2.0968,3.30,0.20
2008.06.10 16:18:51.590,2.0963,2.0968,3.40,0.20
2008.06.10 16:18:51.707,2.0963,2.0968,5.10,0.20
2008.06.10 16:18:51.760,2.0964,2.0968,1.90,0.20
2008.06.10 16:18:51.832,2.0965,2.0968,0.90,0.20
2008.06.10 16:18:51.857,2.0965,2.097,0.90,1.20
2008.06.10 16:18:51.962,2.0965,2.097,3.30,0.20
2008.06.10 16:18:55.248,2.0965,2.0971,3.30,1.20
2008.06.10 16:18:55.381,2.0965,2.0969,2.40,0.20
2008.06.10 16:18:57.878,2.0964,2.0971,0.90,1.20
2008.06.10 16:18:58.026,2.09635,2.0971,0.90,1.20
2008.06.10 16:18:58.731,2.09635,2.0971,2.80,1.20
2008.06.10 16:18:59.725,2.09635,2.0971,2.80,1.20
2008.06.10 16:19:00.017,2.09635,2.0968,0.90,0.20
2008.06.10 16:19:00.819,2.0964,2.0971,2.40,1.20
2008.06.10 16:19:01.187,2.0964,2.0971,3.30,1.20
2008.06.10 16:19:01.504,2.0964,2.0971,2.40,1.20
2008.06.10 16:19:02.201,2.0964,2.0968,3.30,0.20
2008.06.10 16:19:02.492,2.0964,2.0968,2.40,0.20
2008.06.10 16:19:02.677,2.09635,2.0972,2.80,1.20
2008.06.10 16:19:02.950,2.09635,2.0972,0.90,4.00
2008.06.10 16:19:03.095,2.0963,2.0972,0.90,6.00
2008.06.10 16:19:04.366,2.09625,2.09705,0.90,1.20
2008.06.10 16:19:05.051,2.09625,2.0967,2.80,0.20
2008.06.10 16:19:05.859,2.0963,2.0967,0.90,0.20
2008.06.10 16:19:06.456,2.0963,2.0965,0.90,0.20
2008.06.10 16:19:06.600,2.0963,2.0964,0.90,0.20
2008.06.10 16:19:06.736,2.0962,2.0964,2.80,0.20
2008.06.10 16:19:06.924,2.09615,2.0964,2.80,0.20
2008.06.10 16:19:07.067,2.0961,2.0964,2.80,0.20
2008.06.10 16:19:07.208,2.0961,2.0964,0.90,0.20
2008.06.10 16:19:07.399,2.0961,2.0963,0.90,0.20
2008.06.10 16:19:07.766,2.096,2.0962,0.90,0.20
2008.06.10 16:19:08.288,2.09595,2.0961,0.90,0.20
2008.06.10 16:19:08.542,2.0959,2.0961,0.90,0.20
2008.06.10 16:19:09.034,2.09585,2.0961,0.90,0.20
2008.06.10 16:19:09.727,2.09585,2.0963,0.90,0.20
2008.06.10 16:19:10.114,2.09585,2.0963,2.80,0.20
2008.06.10 16:19:10.252,2.0959,2.0963,0.90,0.20
2008.06.10 16:19:11.836,2.0959,2.0963,2.80,0.20
2008.06.10 16:19:12.503,2.0959,2.0963,3.00,0.20
2008.06.10 16:19:13.874,2.0959,2.0963,3.40,0.20
2008.06.10 16:19:13.944,2.09595,2.0963,0.90,0.20
2008.06.10 16:19:14.512,2.096,2.0964,3.00,0.20
2008.06.10 16:19:15.254,2.096,2.0964,3.30,0.20
2008.06.10 16:19:15.522,2.096,2.0964,2.40,0.20
2008.06.10 16:19:15.956,2.096,2.0964,5.70,0.20
2008.06.10 16:19:16.102,2.09605,2.0964,0.90,0.20
2008.06.10 16:19:16.527,2.0961,2.0966,2.40,0.20
2008.06.10 16:19:16.644,2.0961,2.0966,3.30,0.20
2008.06.10 16:19:16.766,2.0962,2.0967,2.40,0.20
2008.06.10 16:19:20.932,2.09615,2.0967,0.90,0.20
2008.06.10 16:19:20.994,2.0961,2.0967,1.90,0.20
2008.06.10 16:19:21.262,2.0961,2.0966,1.90,0.20
2008.06.10 16:19:21.321,2.0961,2.0966,0.90,0.20
2008.06.10 16:19:21.812,2.0961,2.0965,0.90,0.20
2008.06.10 16:19:22.071,2.096,2.0965,5.20,0.20
2008.06.10 16:19:22.167,2.0961,2.0963,0.90,0.20
2008.06.10 16:19:22.336,2.096,2.0963,0.90,0.20
2008.06.10 16:19:22.515,2.09595,2.0963,0.90,0.20
2008.06.10 16:19:23.500,2.096,2.0963,0.90,0.20
2008.06.10 16:19:32.889,2.096,2.0964,0.90,0.20
2008.06.10 16:19:33.910,2.096,2.0964,2.80,0.20
2008.06.10 16:19:34.088,2.09605,2.0964,0.90,0.20
2008.06.10 16:19:34.419,2.09605,2.0965,0.90,0.20
2008.06.10 16:19:34.551,2.09605,2.0965,2.80,0.20
2008.06.10 16:19:35.157,2.09605,2.0965,0.90,0.20
2008.06.10 16:19:37.982,2.0961,2.0965,1.90,0.20
2008.06.10 16:19:38.040,2.0961,2.0965,2.80,0.20
2008.06.10 16:19:38.541,2.0961,2.0966,4.20,0.20
2008.06.10 16:19:38.636,2.0961,2.0966,5.50,0.20
2008.06.10 16:19:39.309,2.09615,2.0966,0.90,0.20
2008.06.10 16:19:39.918,2.0962,2.0966,0.90,0.20
2008.06.10 16:19:40.376,2.0962,2.0966,2.80,0.20
2008.06.10 16:19:40.466,2.09625,2.0966,0.90,0.20
2008.06.10 16:19:40.697,2.09625,2.0966,2.80,0.20
2008.06.10 16:19:40.800,2.09625,2.0967,2.80,0.20
2008.06.10 16:19:41.490,2.09625,2.0966,2.80,0.20
2008.06.10 16:19:43.597,2.09625,2.0966,0.90,0.20
2008.06.10 16:19:43.808,2.09625,2.0966,2.80,0.20
2008.06.10 16:19:44.025,2.09625,2.0967,2.80,0.20
2008.06.10 16:19:44.397,2.09625,2.0967,3.80,0.20
2008.06.10 16:19:44.870,2.0963,2.0968,2.40,0.20
2008.06.10 16:19:44.931,2.0963,2.0968,3.70,0.20
2008.06.10 16:19:45.078,2.0963,2.0968,4.90,0.20
2008.06.10 16:19:45.181,2.09635,2.0968,1.90,0.20
2008.06.10 16:19:45.821,2.0963,2.0968,6.00,0.20
2008.06.10 16:19:45.900,2.0963,2.0967,3.30,0.20
2008.06.10 16:19:46.038,2.0963,2.0967,2.80,0.20
2008.06.10 16:19:48.015,2.0963,2.0967,2.70,0.20
2008.06.10 16:19:48.997,2.0963,2.0967,2.80,0.20
2008.06.10 16:19:53.505,2.0963,2.0967,0.90,0.20
2008.06.10 16:19:56.082,2.0963,2.0967,2.80,0.20
2008.06.10 16:19:57.597,2.0964,2.0967,0.90,0.20
2008.06.10 16:19:58.440,2.0964,2.0969,4.20,0.20
2008.06.10 16:19:58.634,2.0965,2.0969,1.90,0.20
2008.06.10 16:19:58.738,2.0965,2.0969,1.90,0.20
2008.06.10 16:19:58.784,2.09645,2.0972,1.90,2.10
2008.06.10 16:19:58.938,2.0965,2.0973,1.90,10.50
2008.06.10 16:19:59.082,2.0965,2.0972,2.80,3.10
2008.06.10 16:19:59.221,2.0965,2.0972,0.90,3.10
2008.06.10 16:19:59.372,2.0965,2.0973,2.80,1.20
2008.06.10 16:19:59.545,2.09655,2.097,0.90,0.20
2008.06.10 16:19:59.677,2.09655,2.097,2.80,0.20
2008.06.10 16:20:00.211,2.0966,2.0974,0.90,6.90
2008.06.10 16:20:00.565,2.09665,2.0974,0.90,3.10
2008.06.10 16:20:00.753,2.09665,2.097,2.80,0.20
2008.06.10 16:20:03.554,2.0967,2.097,0.90,0.20
2008.06.10 16:20:05.640,2.09665,2.097,2.80,0.20
2008.06.10 16:20:05.810,2.09675,2.0974,1.90,3.10
2008.06.10 16:20:05.886,2.09675,2.0974,1.90,3.10
2008.06.10 16:20:08.750,2.0967,2.0971,2.80,0.20
2008.06.10 16:20:09.129,2.09675,2.0971,1.90,0.20
2008.06.10 16:20:09.209,2.0967,2.0974,2.80,3.10
2008.06.10 16:20:09.387,2.0967,2.0974,2.80,6.00
2008.06.10 16:20:09.621,2.0967,2.0974,1.90,6.00
2008.06.10 16:20:09.852,2.09665,2.0974,2.80,3.10
2008.06.10 16:20:13.753,2.09665,2.0974,0.90,3.10
2008.06.10 16:20:14.153,2.0966,2.0972,0.90,3.10
2008.06.10 16:20:14.671,2.09655,2.0972,0.90,3.10
2008.06.10 16:20:14.825,2.0965,2.0972,2.80,3.10
2008.06.10 16:20:15.476,2.0965,2.0973,2.80,4.00
2008.06.10 16:20:15.619,2.0965,2.0973,0.90,4.00
2008.06.10 16:20:15.749,2.0965,2.0969,2.80,0.20
2008.06.10 16:20:15.988,2.0965,2.0969,1.90,0.20
2008.06.10 16:20:16.538,2.09645,2.0972,0.90,5.00
2008.06.10 16:20:16.765,2.0964,2.097,5.80,3.10
2008.06.10 16:20:16.984,2.0964,2.097,0.90,3.10
2008.06.10 16:20:17.207,2.0962,2.0967,4.40,0.20
2008.06.10 16:20:17.441,2.0962,2.0965,2.80,0.20
2008.06.10 16:20:17.620,2.09615,2.0965,0.90,0.20
2008.06.10 16:20:18.308,2.0961,2.09685,2.80,3.10
2008.06.10 16:20:18.900,2.0961,2.09695,3.10,1.20
2008.06.10 16:20:19.108,2.0962,2.0967,4.20,0.20
2008.06.10 16:20:19.270,2.0961,2.0965,2.80,0.20
2008.06.10 16:20:20.794,2.09615,2.0965,1.90,0.20
2008.06.10 16:20:21.482,2.09615,2.0969,1.90,1.20
2008.06.10 16:20:21.948,2.0962,2.0969,2.40,1.20
2008.06.10 16:20:22.563,2.09615,2.09675,0.90,1.20
2008.06.10 16:20:22.722,2.09615,2.0963,0.90,0.20
2008.06.10 16:20:23.184,2.0961,2.0967,2.80,4.00
2008.06.10 16:20:23.352,2.09595,2.0966,0.90,3.10
2008.06.10 16:20:23.516,2.0959,2.0966,0.90,3.10
2008.06.10 16:20:23.723,2.096,2.0967,2.40,1.20
2008.06.10 16:20:23.931,2.0961,2.0968,2.40,1.20
2008.06.10 16:20:24.638,2.0961,2.0968,3.30,1.20
2008.06.10 16:20:26.185,2.0961,2.0968,3.80,1.20
2008.06.10 16:20:28.518,2.0963,2.0968,2.40,0.20
2008.06.10 16:20:28.901,2.0963,2.0968,3.30,0.20
2008.06.10 16:20:29.987,2.09635,2.0968,1.90,0.20
2008.06.10 16:20:30.822,2.0963,2.0968,3.30,0.20
2008.06.10 16:20:31.026,2.0962,2.0966,0.90,0.20
2008.06.10 16:20:32.687,2.0963,2.0966,0.90,0.20
2008.06.10 16:20:32.785,2.0965,2.0969,2.40,0.20
2008.06.10 16:20:32.813,2.0965,2.09705,2.40,3.10
2008.06.10 16:20:32.882,2.0963,2.09705,3.30,3.10
2008.06.10 16:20:33.067,2.0963,2.0968,2.40,0.20
2008.06.10 16:20:33.260,2.0965,2.0969,2.40,0.20
2008.06.10 16:20:35.609,2.0965,2.0971,2.40,3.10
2008.06.10 16:20:37.968,2.0965,2.0971,2.40,5.00
2008.06.10 16:20:38.691,2.0964,2.0968,0.90,0.20
2008.06.10 16:20:38.794,2.0965,2.0971,2.40,5.00
2008.06.10 16:20:39.106,2.0964,2.0968,0.90,0.20
2008.06.10 16:20:39.352,2.0963,2.097,2.40,2.10
2008.06.10 16:20:41.524,2.0963,2.0966,2.40,0.20
2008.06.10 16:20:42.120,2.0963,2.097,2.40,3.10
2008.06.10 16:20:44.580,2.0963,2.097,2.40,3.30
2008.06.10 16:20:50.579,2.0963,2.0971,2.40,4.00
2008.06.10 16:20:50.781,2.0965,2.09715,2.40,3.10
2008.06.10 16:21:01.221,2.0964,2.09695,2.40,3.10
2008.06.10 16:21:02.765,2.0964,2.09705,2.40,3.10
2008.06.10 16:21:03.002,2.0966,2.0972,2.40,6.90
2008.06.10 16:21:06.752,2.0965,2.0968,0.90,0.20
2008.06.10 16:21:06.839,2.0964,2.09705,2.40,3.10
2008.06.10 16:21:07.620,2.0964,2.097,2.40,3.10
2008.06.10 16:21:09.148,2.0962,2.0967,4.30,0.20
2008.06.10 16:21:09.652,2.0962,2.0969,3.30,3.10
2008.06.10 16:21:10.031,2.0962,2.0967,2.40,0.20
2008.06.10 16:21:10.529,2.0962,2.0968,2.40,3.10
2008.06.10 16:21:10.770,2.0964,2.0969,2.40,3.10
2008.06.10 16:21:10.939,2.0963,2.0969,0.90,4.00
2008.06.10 16:21:11.100,2.0963,2.0969,0.90,4.00
2008.06.10 16:21:11.432,2.0962,2.0968,2.40,1.20
2008.06.10 16:21:12.699,2.0961,2.0967,2.40,4.00
2008.06.10 16:21:15.806,2.0961,2.0966,2.40,0.20
2008.06.10 16:21:15.943,2.0961,2.0966,2.70,0.20
2008.06.10 16:21:16.064,2.0962,2.0968,0.90,3.10
2008.06.10 16:21:16.178,2.0961,2.0966,3.30,0.20
2008.06.10 16:21:16.298,2.0961,2.0968,4.90,3.10
2008.06.10 16:21:16.517,2.0963,2.0966,2.40,0.20
2008.06.10 16:21:20.122,2.0962,2.0966,0.90,0.20
2008.06.10 16:21:20.242,2.09615,2.0966,0.90,0.20
2008.06.10 16:21:21.203,2.0963,2.0966,2.40,0.20
2008.06.10 16:21:33.612,2.0964,2.0966,2.40,0.20
2008.06.10 16:21:34.610,2.0963,2.0966,2.40,0.20
2008.06.10 16:21:36.906,2.0962,2.0965,1.90,0.20
2008.06.10 16:21:36.972,2.0961,2.0965,3.30,0.20
2008.06.10 16:21:37.133,2.0961,2.0965,2.40,0.20
2008.06.10 16:21:38.154,2.0961,2.0964,2.40,0.20
2008.06.10 16:21:38.920,2.0961,2.0966,2.40,0.20
2008.06.10 16:21:40.194,2.0963,2.0966,2.40,0.20
2008.06.10 16:21:42.090,2.0964,2.0966,2.40,0.20
2008.06.10 16:21:43.595,2.0963,2.0966,2.40,0.20
2008.06.10 16:21:46.100,2.0963,2.0966,3.30,0.20
2008.06.10 16:21:46.208,2.0963,2.0968,3.30,0.20
2008.06.10 16:21:46.350,2.0965,2.0968,2.40,0.20
2008.06.10 16:21:46.380,2.0965,2.097,2.40,4.00
2008.06.10 16:21:47.446,2.0965,2.0972,2.40,3.10
2008.06.10 16:21:47.721,2.0965,2.0969,2.40,0.20
2008.06.10 16:21:48.561,2.0966,2.0971,2.40,4.00
2008.06.10 16:21:48.779,2.09645,2.0969,0.90,0.20
2008.06.10 16:21:48.976,2.0964,2.09705,2.40,1.20
2008.06.10 16:21:49.293,2.0964,2.0969,2.40,0.20
2008.06.10 16:21:51.801,2.0964,2.0967,2.40,0.20
2008.06.10 16:21:52.326,2.0964,2.0969,2.40,0.20
2008.06.10 16:21:53.149,2.0966,2.0969,2.40,0.20
2008.06.10 16:21:54.166,2.0965,2.09705,3.30,1.20
2008.06.10 16:21:55.458,2.0965,2.09705,0.90,1.20
2008.06.10 16:21:55.691,2.0965,2.0967,0.90,0.20
2008.06.10 16:21:55.864,2.09635,2.0967,0.90,0.20
2008.06.10 16:21:56.041,2.0963,2.0967,3.10,0.20
2008.06.10 16:21:56.120,2.0964,2.09695,2.40,4.00
2008.06.10 16:21:57.946,2.0963,2.0966,3.30,0.20
2008.06.10 16:21:58.736,2.0964,2.09695,2.40,1.20
2008.06.10 16:21:59.122,2.0965,2.09695,2.40,1.20
2008.06.10 16:22:00.003,2.0963,2.0968,2.40,0.20
2008.06.10 16:22:00.168,2.09625,2.09705,2.80,4.00
2008.06.10 16:22:00.244,2.09625,2.09695,0.90,3.10
2008.06.10 16:22:00.398,2.09625,2.0968,2.80,0.20
2008.06.10 16:22:00.555,2.0963,2.09695,2.40,3.10
2008.06.10 16:22:01.574,2.0963,2.0966,2.40,0.20
2008.06.10 16:22:03.717,2.0963,2.097,2.40,6.00
2008.06.10 16:22:04.173,2.0963,2.0968,2.40,0.20
2008.06.10 16:22:04.454,2.0963,2.097,3.30,4.00
2008.06.10 16:22:04.761,2.0964,2.0968,2.40,0.20
2008.06.10 16:22:06.799,2.0965,2.0969,2.40,0.20
2008.06.10 16:22:08.492,2.0965,2.09725,3.30,3.10
2008.06.10 16:22:08.582,2.0966,2.09725,2.40,3.10
2008.06.10 16:22:08.919,2.0967,2.09725,2.40,3.10
2008.06.10 16:22:09.072,2.0967,2.0971,2.40,4.90
2008.06.10 16:22:09.201,2.0965,2.0968,1.90,0.20
2008.06.10 16:22:09.299,2.0965,2.09705,0.90,3.10
2008.06.10 16:22:09.450,2.0964,2.09705,3.30,3.10
2008.06.10 16:22:10.342,2.0964,2.09705,2.40,4.00
2008.06.10 16:22:12.532,2.0965,2.097,0.90,1.20
2008.06.10 16:22:12.637,2.0966,2.097,2.40,0.20
2008.06.10 16:22:15.173,2.0965,2.0969,3.30,0.20
2008.06.10 16:22:15.322,2.0965,2.09715,2.40,3.10
2008.06.10 16:22:18.129,2.0966,2.09725,2.40,4.00
2008.06.10 16:22:18.689,2.0967,2.09725,2.40,4.00
2008.06.10 16:22:20.276,2.0966,2.09725,2.40,3.10
2008.06.10 16:22:20.304,2.0966,2.097,2.40,0.20
2008.06.10 16:22:20.500,2.0967,2.0973,2.40,1.20
2008.06.10 16:22:20.719,2.0966,2.097,2.40,0.20
2008.06.10 16:22:21.330,2.0965,2.0969,3.30,0.20
2008.06.10 16:22:24.731,2.0965,2.0969,2.60,0.20
2008.06.10 16:22:24.830,2.0965,2.09725,3.70,1.20
2008.06.10 16:22:24.999,2.0965,2.097,3.10,0.20
2008.06.10 16:22:25.086,2.09655,2.097,1.90,0.20
2008.06.10 16:22:27.518,2.0965,2.0973,3.70,1.20
2008.06.10 16:22:27.700,2.0965,2.0973,2.40,4.00
2008.06.10 16:22:34.552,2.09655,2.0969,1.90,0.20
2008.06.10 16:22:34.615,2.0966,2.097,2.40,0.20
2008.06.10 16:22:48.121,2.09645,2.0972,0.90,6.00
2008.06.10 16:22:48.396,2.09645,2.0969,0.90,0.20
2008.06.10 16:22:48.457,2.0964,2.0969,2.40,0.20
2008.06.10 16:22:48.564,2.0964,2.0969,4.00,0.20
2008.06.10 16:22:48.886,2.09645,2.0969,1.90,0.20
2008.06.10 16:22:49.897,2.0965,2.0969,2.40,0.20
2008.06.10 16:22:49.962,2.0965,2.0969,2.40,0.20
2008.06.10 16:22:50.336,2.0966,2.0973,2.40,4.00
2008.06.10 16:22:50.769,2.0964,2.0968,5.10,0.20
2008.06.10 16:22:50.930,2.0964,2.0971,3.20,3.10
2008.06.10 16:22:51.085,2.09635,2.0966,0.90,0.20
2008.06.10 16:22:51.533,2.0964,2.0967,1.90,0.20
2008.06.10 16:22:52.223,2.0966,2.0972,2.40,1.20
2008.06.10 16:22:52.551,2.0964,2.0967,1.90,0.20
2008.06.10 16:22:52.882,2.0964,2.0966,1.90,0.20
2008.06.10 16:22:53.061,2.0963,2.0971,1.90,4.00
2008.06.10 16:22:53.239,2.0964,2.0967,3.30,0.20
2008.06.10 16:22:53.421,2.0964,2.0966,0.90,0.20
2008.06.10 16:22:53.771,2.0963,2.0967,2.40,0.20
2008.06.10 16:22:54.121,2.0964,2.0966,0.90,0.20
2008.06.10 16:22:54.300,2.0962,2.0966,4.50,0.20
2008.06.10 16:22:54.609,2.0962,2.09705,3.90,4.00
2008.06.10 16:22:55.750,2.09625,2.09705,1.90,4.00
2008.06.10 16:22:56.001,2.0964,2.0967,0.90,0.20
2008.06.10 16:22:56.343,2.0964,2.097,0.90,3.10
2008.06.10 16:22:56.620,2.0963,2.0966,2.40,0.20
2008.06.10 16:22:56.719,2.0963,2.097,3.30,3.10
2008.06.10 16:22:57.293,2.0963,2.0965,0.90,0.20
2008.06.10 16:22:57.415,2.0962,2.0965,4.80,0.20
2008.06.10 16:22:57.542,2.0962,2.0965,5.10,0.20
2008.06.10 16:22:57.864,2.0962,2.09695,3.30,4.00
2008.06.10 16:22:58.227,2.0962,2.09695,3.30,4.00
2008.06.10 16:22:58.497,2.09625,2.0967,0.90,0.20
2008.06.10 16:22:58.668,2.09625,2.0967,2.80,0.20
2008.06.10 16:22:58.843,2.0964,2.0967,2.40,0.20
2008.06.10 16:22:59.170,2.09625,2.097,2.80,1.20
2008.06.10 16:23:00.227,2.0963,2.09705,0.90,3.10
2008.06.10 16:23:00.564,2.0964,2.0967,2.40,0.20
2008.06.10 16:23:01.022,2.0965,2.0967,1.90,0.20
2008.06.10 16:23:01.145,2.0965,2.0973,2.80,1.20
2008.06.10 16:23:01.219,2.0966,2.0969,2.40,0.20
2008.06.10 16:23:01.330,2.0967,2.09735,2.40,4.00
2008.06.10 16:23:02.016,2.0968,2.0971,2.40,0.20
2008.06.10 16:23:02.243,2.0969,2.09745,2.40,3.10
2008.06.10 16:23:03.013,2.0968,2.0971,3.60,0.20
2008.06.10 16:23:03.190,2.09685,2.0976,1.90,6.00
2008.06.10 16:23:03.392,2.0968,2.0973,5.10,0.20
2008.06.10 16:23:03.560,2.09685,2.0973,1.90,0.20
2008.06.10 16:23:03.978,2.0969,2.0973,3.30,0.20
2008.06.10 16:23:04.392,2.0969,2.0973,2.40,0.20
2008.06.10 16:23:05.892,2.097,2.0977,2.40,5.00
2008.06.10 16:23:12.317,2.097,2.0973,2.50,0.20
2008.06.10 16:23:12.661,2.097,2.0973,2.40,0.20
2008.06.10 16:23:16.018,2.097,2.0973,3.30,0.20
2008.06.10 16:23:16.279,2.09705,2.0978,1.90,3.10
2008.06.10 16:23:16.538,2.0971,2.0978,1.90,3.10
2008.06.10 16:23:17.072,2.09705,2.0975,1.90,0.20
2008.06.10 16:23:17.219,2.09705,2.0973,1.90,0.20
2008.06.10 16:23:17.368,2.0971,2.0973,1.90,0.20
2008.06.10 16:23:17.513,2.097,2.09775,4.90,3.10
2008.06.10 16:23:17.932,2.0971,2.09775,2.40,3.10
2008.06.10 16:23:18.333,2.097,2.09775,5.80,3.10
2008.06.10 16:23:18.885,2.0971,2.0974,2.40,0.20
2008.06.10 16:23:19.363,2.097,2.0973,3.90,0.20
2008.06.10 16:23:20.784,2.097,2.09775,3.80,3.10
2008.06.10 16:23:21.008,2.097,2.0973,3.30,0.20
2008.06.10 16:23:21.068,2.097,2.09775,2.40,3.10
2008.06.10 16:23:22.745,2.09705,2.0973,1.90,0.20
2008.06.10 16:23:22.844,2.09705,2.0978,1.90,3.10
2008.06.10 16:23:23.772,2.0971,2.0975,2.40,0.20
2008.06.10 16:23:23.904,2.0971,2.0978,3.90,3.10
2008.06.10 16:23:24.293,2.09715,2.09785,1.90,3.10
2008.06.10 16:23:24.800,2.0972,2.0976,1.90,0.20
2008.06.10 16:23:25.042,2.0973,2.0977,2.40,0.20
2008.06.10 16:23:25.171,2.09715,2.0976,1.90,0.20
2008.06.10 16:23:25.418,2.0972,2.09795,2.40,3.10
2008.06.10 16:23:25.896,2.0972,2.09795,2.40,1.20
2008.06.10 16:23:26.148,2.0972,2.0976,2.40,0.20
2008.06.10 16:23:26.393,2.09715,2.0979,1.90,3.10
2008.06.10 16:23:26.646,2.09715,2.0976,1.90,0.20
2008.06.10 16:23:26.898,2.09715,2.0979,1.90,5.00
2008.06.10 16:23:27.185,2.09705,2.0978,0.90,3.10
2008.06.10 16:23:27.334,2.0971,2.0978,1.90,3.10
2008.06.10 16:23:27.485,2.09705,2.0978,0.90,3.10
2008.06.10 16:23:27.633,2.09705,2.0975,2.80,0.20
2008.06.10 16:23:27.923,2.09705,2.0974,2.80,0.20
2008.06.10 16:23:28.073,2.09715,2.09775,1.90,3.10
2008.06.10 16:23:28.213,2.0971,2.09775,1.90,3.10
2008.06.10 16:23:28.352,2.09705,2.09775,0.90,3.10
2008.06.10 16:23:30.852,2.09705,2.0977,0.90,4.00
2008.06.10 16:23:31.010,2.097,2.0977,2.80,4.00
2008.06.10 16:23:31.092,2.097,2.0977,1.90,4.00
2008.06.10 16:23:31.171,2.09695,2.0973,2.80,0.20
2008.06.10 16:23:31.907,2.09695,2.09765,0.90,4.00
2008.06.10 16:23:32.023,2.0969,2.0976,1.90,1.20
2008.06.10 16:23:32.250,2.09685,2.0976,2.80,1.20
2008.06.10 16:23:33.910,2.0969,2.0977,1.90,8.80
2008.06.10 16:23:35.624,2.09685,2.0977,2.80,6.90
2008.06.10 16:23:36.809,2.09695,2.0977,1.90,8.80
2008.06.10 16:23:36.880,2.09695,2.0974,1.90,0.20
2008.06.10 16:23:38.631,2.09695,2.0973,1.90,0.20
2008.06.10 16:23:38.717,2.0969,2.09765,1.90,3.10
2008.06.10 16:23:39.493,2.0969,2.0974,5.10,0.20
2008.06.10 16:23:39.787,2.09695,2.09775,1.90,3.10
2008.06.10 16:23:39.928,2.097,2.09775,1.90,3.10
2008.06.10 16:23:40.974,2.097,2.09775,2.80,3.10
2008.06.10 16:23:41.657,2.097,2.09775,2.80,3.10
2008.06.10 16:23:41.708,2.097,2.09755,0.90,3.10
2008.06.10 16:23:41.800,2.0969,2.0972,1.90,0.20
2008.06.10 16:23:41.868,2.09685,2.09755,3.40,3.10
2008.06.10 16:23:41.965,2.09685,2.09755,2.80,3.10
2008.06.10 16:23:42.015,2.09685,2.09755,1.90,3.10
2008.06.10 16:23:42.121,2.09685,2.09735,1.90,3.10
2008.06.10 16:23:42.218,2.0968,2.09735,0.90,3.10
2008.06.10 16:23:42.291,2.0967,2.0971,0.90,0.20
2008.06.10 16:23:42.595,2.09665,2.097,1.90,0.20
2008.06.10 16:23:42.829,2.09655,2.0969,0.90,0.20
2008.06.10 16:23:43.072,2.0965,2.09715,0.90,3.10
2008.06.10 16:23:43.529,2.09645,2.0968,0.90,0.20
2008.06.10 16:23:44.046,2.0964,2.09715,3.60,3.10
2008.06.10 16:23:44.182,2.0964,2.09715,3.20,3.10
2008.06.10 16:23:44.334,2.0964,2.0968,2.70,0.20
2008.06.10 16:23:44.649,2.0964,2.0968,4.30,0.20
2008.06.10 16:23:44.839,2.0964,2.0968,2.80,0.20
2008.06.10 16:23:45.484,2.0964,2.0968,3.00,0.20
2008.06.10 16:23:46.121,2.0964,2.0968,3.70,0.20
2008.06.10 16:23:46.808,2.0965,2.0972,1.90,3.10
2008.06.10 16:23:47.216,2.0964,2.09715,3.70,3.10
2008.06.10 16:23:47.542,2.0965,2.0972,1.90,3.10
2008.06.10 16:23:48.964,2.0965,2.09725,1.90,3.10
2008.06.10 16:23:49.232,2.0965,2.0969,1.90,0.20
2008.06.10 16:23:50.867,2.09645,2.0969,0.90,0.20
2008.06.10 16:23:51.037,2.0965,2.09725,1.90,3.10
2008.06.10 16:23:53.479,2.0965,2.0969,2.80,0.20
2008.06.10 16:23:59.940,2.0965,2.0969,0.90,0.20
2008.06.10 16:23:59.997,2.0965,2.0968,0.90,0.20
2008.06.10 16:24:00.066,2.09645,2.0968,0.90,0.20
2008.06.10 16:24:01.000,2.09645,2.0972,0.90,7.90
2008.06.10 16:24:01.274,2.09645,2.0972,2.80,7.90
2008.06.10 16:24:01.464,2.0965,2.0969,1.90,0.20
2008.06.10 16:24:04.669,2.0965,2.097,3.70,0.20
2008.06.10 16:24:04.717,2.0966,2.0972,0.90,3.10
2008.06.10 16:24:05.095,2.09655,2.0973,2.80,1.20
2008.06.10 16:24:05.342,2.09655,2.097,3.30,0.20
2008.06.10 16:24:06.157,2.0966,2.0973,0.90,3.10
2008.06.10 16:24:07.670,2.09655,2.0973,2.20,3.10
2008.06.10 16:24:08.629,2.0966,2.0973,0.90,3.10
2008.06.10 16:24:10.467,2.0966,2.0973,1.90,3.10
2008.06.10 16:24:10.514,2.0966,2.097,2.80,0.20
2008.06.10 16:24:10.732,2.0966,2.097,1.90,0.20
2008.06.10 16:24:11.352,2.0966,2.09735,3.40,3.10
2008.06.10 16:24:11.782,2.0966,2.09735,3.70,3.10
2008.06.10 16:24:12.622,2.0966,2.09735,2.70,3.10
2008.06.10 16:24:12.662,2.0967,2.0971,1.90,0.20
2008.06.10 16:24:13.128,2.0967,2.0974,1.90,8.80
2008.06.10 16:24:13.423,2.0967,2.0974,1.90,3.10
2008.06.10 16:24:13.559,2.0968,2.0973,2.40,0.20
2008.06.10 16:24:13.675,2.09685,2.0975,1.90,5.00
2008.06.10 16:24:13.807,2.0968,2.0973,2.40,0.20
2008.06.10 16:24:14.052,2.0967,2.0974,2.80,6.00
2008.06.10 16:24:14.173,2.0967,2.0974,1.90,3.10
2008.06.10 16:24:14.293,2.0967,2.0974,1.90,6.00
2008.06.10 16:24:14.540,2.0967,2.0971,1.90,0.20
2008.06.10 16:24:14.867,2.09665,2.09735,0.90,3.10
2008.06.10 16:24:15.097,2.0967,2.0974,1.90,7.90
2008.06.10 16:24:15.532,2.09675,2.0973,1.90,0.20
2008.06.10 16:24:15.753,2.0967,2.0974,1.90,1.20
2008.06.10 16:24:15.905,2.0967,2.0974,1.90,1.20
2008.06.10 16:24:16.054,2.0966,2.09735,3.30,3.10
2008.06.10 16:24:16.721,2.09665,2.09735,1.90,3.10
2008.06.10 16:24:25.432,2.09665,2.0972,2.80,0.20
2008.06.10 16:24:25.541,2.09675,2.0974,1.90,2.10
2008.06.10 16:24:25.703,2.0968,2.0975,0.90,6.00
2008.06.10 16:24:25.994,2.0968,2.0974,2.80,2.10
2008.06.10 16:24:26.261,2.0968,2.0975,0.90,6.00
2008.06.10 16:24:26.486,2.0968,2.0972,2.80,0.20
2008.06.10 16:24:27.068,2.0968,2.0975,0.90,6.00
2008.06.10 16:24:29.643,2.0968,2.0972,2.80,0.20
2008.06.10 16:24:30.525,2.0968,2.0972,0.90,0.20
2008.06.10 16:24:31.039,2.09665,2.0971,2.80,0.20
2008.06.10 16:24:31.168,2.0967,2.0971,1.90,0.20
2008.06.10 16:24:31.306,2.09665,2.0974,2.80,6.90
2008.06.10 16:24:35.746,2.0967,2.0971,1.90,0.20
2008.06.10 16:24:36.248,2.09665,2.09735,0.90,3.10
2008.06.10 16:24:36.323,2.09665,2.09735,0.90,3.10
2008.06.10 16:24:36.548,2.0967,2.0974,1.90,7.90
2008.06.10 16:24:36.719,2.0967,2.0971,1.90,0.20
2008.06.10 16:24:38.009,2.0967,2.0974,1.90,3.10
2008.06.10 16:24:38.086,2.0967,2.0974,1.90,3.10
2008.06.10 16:24:39.113,2.0967,2.0969,1.90,0.20
2008.06.10 16:24:39.518,2.09655,2.0973,0.90,5.00
2008.06.10 16:24:39.616,2.0965,2.0969,2.80,0.20
2008.06.10 16:24:41.233,2.0965,2.09725,1.90,3.10
2008.06.10 16:24:41.725,2.0965,2.0971,1.90,0.20
2008.06.10 16:24:41.976,2.09655,2.0971,1.90,0.20
2008.06.10 16:24:42.365,2.09655,2.0969,1.90,0.20
2008.06.10 16:24:42.413,2.0965,2.0969,1.90,0.20
2008.06.10 16:24:42.584,2.0965,2.0971,1.90,0.20
2008.06.10 16:24:44.134,2.0965,2.09715,1.90,3.10
2008.06.10 16:24:44.203,2.0964,2.0969,3.10,0.20
2008.06.10 16:24:44.680,2.0965,2.0972,1.90,6.00
2008.06.10 16:24:44.760,2.0965,2.0972,1.90,6.00
2008.06.10 16:24:45.424,2.0966,2.0973,2.40,6.00
2008.06.10 16:24:45.544,2.0966,2.0971,3.60,0.20
2008.06.10 16:24:45.883,2.0966,2.09735,4.50,3.10
2008.06.10 16:24:46.372,2.0966,2.09735,2.80,3.10
2008.06.10 16:24:46.603,2.0965,2.09735,2.80,3.10
2008.06.10 16:24:47.027,2.0965,2.0971,0.90,0.20
2008.06.10 16:24:47.115,2.0965,2.09715,2.80,3.10
2008.06.10 16:24:47.394,2.0965,2.0971,2.80,0.20
2008.06.10 16:24:48.441,2.0966,2.0973,3.90,6.90
2008.06.10 16:24:49.839,2.0966,2.0971,0.90,0.20
2008.06.10 16:24:49.930,2.0965,2.0971,2.80,0.20
2008.06.10 16:24:52.503,2.0966,2.0973,1.90,7.90
2008.06.10 16:24:52.598,2.0966,2.0971,3.20,0.20
2008.06.10 16:24:52.692,2.0966,2.0973,3.00,2.10
2008.06.10 16:24:53.762,2.0966,2.0971,3.30,0.20
2008.06.10 16:24:53.932,2.0966,2.0973,3.30,3.10
2008.06.10 16:24:54.156,2.0966,2.0973,2.40,3.10
2008.06.10 16:24:54.496,2.0965,2.097,4.20,0.20
2008.06.10 16:24:54.983,2.0965,2.09725,2.40,1.20
2008.06.10 16:24:58.622,2.09645,2.097,3.80,0.20
2008.06.10 16:24:58.862,2.0965,2.09725,2.40,1.20
2008.06.10 16:25:00.720,2.09645,2.0972,3.90,5.00
2008.06.10 16:25:00.809,2.09645,2.097,2.80,0.20
2008.06.10 16:25:00.955,2.09645,2.0971,0.90,5.00
2008.06.10 16:25:02.397,2.0964,2.0971,0.90,5.00
2008.06.10 16:25:04.930,2.0964,2.0971,0.90,5.00
2008.06.10 16:25:05.205,2.09635,2.097,0.90,5.00
2008.06.10 16:25:05.281,2.09645,2.0968,1.90,0.20
2008.06.10 16:25:05.510,2.0965,2.097,2.40,0.20
2008.06.10 16:25:05.630,2.09645,2.09715,1.90,3.10
2008.06.10 16:25:05.734,2.09635,2.097,0.90,5.00
2008.06.10 16:25:05.834,2.09635,2.0972,3.90,6.80
2008.06.10 16:25:06.089,2.09635,2.097,0.90,2.80
2008.06.10 16:25:06.180,2.0963,2.097,3.30,5.00
2008.06.10 16:25:07.135,2.0963,2.0969,2.50,0.20
2008.06.10 16:25:07.660,2.0963,2.0969,2.40,0.20
2008.06.10 16:25:08.069,2.09635,2.0969,1.90,0.20
2008.06.10 16:25:08.170,2.0964,2.09705,2.40,1.20
2008.06.10 16:25:08.607,2.0964,2.09705,3.30,1.20
2008.06.10 16:25:08.772,2.0964,2.09705,0.90,1.20
2008.06.10 16:25:08.851,2.09625,2.09705,2.80,1.20
2008.06.10 16:25:09.047,2.09625,2.0969,0.90,0.20
2008.06.10 16:25:09.430,2.09625,2.097,0.90,1.20
2008.06.10 16:25:09.567,2.0962,2.0967,2.80,0.20
2008.06.10 16:25:10.299,2.0962,2.09695,0.90,3.10
2008.06.10 16:25:11.388,2.0962,2.09685,0.90,4.00
2008.06.10 16:25:11.607,2.09615,2.09685,0.90,4.00
2008.06.10 16:25:15.916,2.09615,2.0966,2.80,0.20
2008.06.10 16:25:15.947,2.09615,2.0967,2.80,0.20
2008.06.10 16:25:16.298,2.0962,2.09695,1.90,1.20
2008.06.10 16:25:16.656,2.09625,2.09695,1.90,3.10
2008.06.10 16:25:16.848,2.0962,2.09695,2.80,3.10
2008.06.10 16:25:17.037,2.0962,2.09695,0.90,3.10
2008.06.10 16:25:17.625,2.0962,2.09695,2.80,3.10
2008.06.10 16:25:19.982,2.0962,2.0967,1.90,0.20
2008.06.10 16:25:22.740,2.09625,2.0967,1.90,0.20
2008.06.10 16:25:22.843,2.0963,2.0967,0.90,0.20
2008.06.10 16:25:22.964,2.0963,2.0967,3.30,0.20
2008.06.10 16:25:24.647,2.0963,2.0969,2.40,0.20
2008.06.10 16:25:24.832,2.0963,2.0969,2.70,0.20
2008.06.10 16:25:25.254,2.09635,2.0969,1.90,0.20
2008.06.10 16:25:26.673,2.09635,2.0967,1.90,0.20
2008.06.10 16:25:27.204,2.09635,2.0969,1.90,0.20
2008.06.10 16:25:28.095,2.0963,2.0969,3.90,0.20
2008.06.10 16:25:28.554,2.0963,2.0969,2.40,0.20
2008.06.10 16:25:28.712,2.09625,2.0968,1.90,0.20
2008.06.10 16:25:28.873,2.0962,2.0968,4.30,0.20
2008.06.10 16:25:29.648,2.0962,2.0967,3.60,0.20
2008.06.10 16:25:29.770,2.0962,2.0967,4.20,0.20
2008.06.10 16:25:29.837,2.0962,2.0967,3.80,0.20
2008.06.10 16:25:29.999,2.0962,2.0967,3.30,0.20
2008.06.10 16:25:30.063,2.0962,2.0967,4.00,0.20
2008.06.10 16:25:30.122,2.0962,2.0968,4.80,0.20
2008.06.10 16:25:30.232,2.0962,2.0968,4.80,0.20
2008.06.10 16:25:30.687,2.0962,2.0968,3.10,0.20
2008.06.10 16:25:31.793,2.0962,2.0967,4.30,0.20
2008.06.10 16:25:32.114,2.0962,2.0968,3.30,0.20
2008.06.10 16:25:32.396,2.0962,2.0968,3.70,0.20
2008.06.10 16:25:32.587,2.09625,2.0968,1.90,0.20
2008.06.10 16:25:33.173,2.0963,2.0968,1.90,0.20
2008.06.10 16:25:33.668,2.09615,2.0967,0.90,0.20
2008.06.10 16:25:35.241,2.09615,2.0967,2.80,0.20
2008.06.10 16:25:35.280,2.09615,2.0969,2.80,0.20
2008.06.10 16:25:35.614,2.09615,2.09685,3.20,2.80
2008.06.10 16:25:35.722,2.0962,2.09685,1.90,2.80
2008.06.10 16:25:35.763,2.0962,2.09685,2.80,2.80
2008.06.10 16:25:35.814,2.0962,2.09685,0.90,2.80
2008.06.10 16:25:35.873,2.0962,2.0966,0.90,0.20
2008.06.10 16:25:36.172,2.09615,2.0966,0.90,0.20
2008.06.10 16:25:36.384,2.09615,2.0966,2.80,0.20
2008.06.10 16:25:36.563,2.09615,2.0965,1.90,0.20
2008.06.10 16:25:36.742,2.0961,2.0965,3.30,0.20
2008.06.10 16:25:37.233,2.0962,2.0965,2.40,0.20
2008.06.10 16:25:40.091,2.0962,2.0965,3.10,0.20
2008.06.10 16:25:40.205,2.0963,2.0968,2.40,0.20
2008.06.10 16:25:40.426,2.0963,2.0968,2.40,3.00
2008.06.10 16:25:40.723,2.09605,2.0965,2.80,0.20
2008.06.10 16:25:40.821,2.096,2.0965,6.00,0.20
2008.06.10 16:25:40.923,2.096,2.0965,4.60,0.20
2008.06.10 16:25:41.117,2.096,2.0967,3.80,0.20
2008.06.10 16:25:41.260,2.096,2.0967,3.30,0.20
2008.06.10 16:25:41.363,2.09605,2.0967,1.90,0.20
2008.06.10 16:25:41.855,2.0961,2.0967,1.90,0.20
2008.06.10 16:25:42.034,2.0962,2.0967,2.40,0.20
2008.06.10 16:25:42.574,2.0962,2.0966,2.40,0.20
2008.06.10 16:25:45.792,2.0962,2.0966,2.40,0.20
2008.06.10 16:25:46.193,2.0959,2.0964,3.20,0.20
2008.06.10 16:25:46.234,2.096,2.0964,1.90,0.20
2008.06.10 16:25:46.509,2.096,2.0964,2.80,0.20
2008.06.10 16:25:46.566,2.0961,2.0966,2.40,0.20
2008.06.10 16:25:51.269,2.0961,2.0965,2.40,0.20
2008.06.10 16:25:52.561,2.0961,2.0964,2.40,0.20
2008.06.10 16:25:52.669,2.0961,2.0966,2.40,0.20
2008.06.10 16:25:54.438,2.0961,2.0964,2.40,0.20
2008.06.10 16:25:54.736,2.0961,2.0966,2.40,0.20
2008.06.10 16:25:56.078,2.0961,2.0965,2.40,0.20
2008.06.10 16:25:56.184,2.0959,2.0964,1.90,0.20
2008.06.10 16:25:56.390,2.0959,2.0964,3.20,0.20
2008.06.10 16:25:56.467,2.0959,2.0964,2.40,0.20
2008.06.10 16:25:56.728,2.096,2.0965,2.40,0.20
2008.06.10 16:25:57.629,2.096,2.0964,2.40,0.20
2008.06.10 16:26:00.327,2.0961,2.0966,2.40,0.20
2008.06.10 16:26:01.520,2.0961,2.0964,2.40,0.20
2008.06.10 16:26:08.574,2.0959,2.0964,6.10,0.20
2008.06.10 16:26:08.641,2.0959,2.0964,3.90,0.20
2008.06.10 16:26:08.862,2.0959,2.0964,3.30,0.20
2008.06.10 16:26:09.674,2.0961,2.0964,2.40,0.20
2008.06.10 16:26:11.966,2.0961,2.0966,2.40,0.20
2008.06.10 16:26:12.265,2.0962,2.0967,2.40,0.20
2008.06.10 16:26:13.731,2.0963,2.0967,2.40,0.20
2008.06.10 16:26:13.844,2.0962,2.0967,2.40,0.20
2008.06.10 16:26:14.931,2.0963,2.0967,2.40,0.20
2008.06.10 16:26:15.092,2.0962,2.0967,2.40,0.20
2008.06.10 16:26:15.714,2.0962,2.0965,2.40,0.20
2008.06.10 16:26:15.892,2.0962,2.0965,3.90,0.20
2008.06.10 16:26:16.192,2.0961,2.0965,0.90,0.20
2008.06.10 16:26:16.370,2.09605,2.0965,0.90,0.20
2008.06.10 16:26:18.450,2.096,2.0965,3.30,0.20
2008.06.10 16:26:19.226,2.0962,2.0965,2.40,0.20
2008.06.10 16:26:35.533,2.0964,2.0967,2.40,0.20
2008.06.10 16:26:35.749,2.09625,2.0967,1.90,0.20
2008.06.10 16:26:35.859,2.0963,2.0967,0.90,0.20
2008.06.10 16:26:36.106,2.0962,2.0967,2.40,0.20
2008.06.10 16:26:36.385,2.0962,2.0965,2.40,0.20
2008.06.10 16:26:36.586,2.0962,2.0967,2.40,0.20
2008.06.10 16:26:38.237,2.0962,2.0965,2.40,0.20
2008.06.10 16:26:39.862,2.0961,2.0965,2.40,0.20
2008.06.10 16:26:39.953,2.0961,2.0966,2.40,0.20
2008.06.10 16:26:41.212,2.0962,2.0966,2.40,0.20
2008.06.10 16:26:41.433,2.0964,2.0966,2.40,0.20
2008.06.10 16:26:41.637,2.0962,2.0966,2.40,0.20
2008.06.10 16:26:41.745,2.0962,2.0966,3.70,0.20
2008.06.10 16:26:41.957,2.0962,2.0966,2.40,0.20
2008.06.10 16:26:49.453,2.0961,2.0965,2.40,0.20
2008.06.10 16:26:50.235,2.0961,2.0966,2.40,0.20
2008.06.10 16:26:58.686,2.0962,2.0966,2.40,0.20
2008.06.10 16:27:00.384,2.0961,2.0966,2.40,0.20
2008.06.10 16:27:01.942,2.0961,2.0964,2.40,0.20
2008.06.10 16:27:02.440,2.0961,2.0966,2.40,0.20
2008.06.10 16:27:03.196,2.0962,2.0966,2.40,0.20
2008.06.10 16:27:06.242,2.0962,2.0965,2.40,0.20
2008.06.10 16:27:07.292,2.096,2.0965,2.40,0.20
2008.06.10 16:27:10.540,2.096,2.0963,2.40,0.20
2008.06.10 16:27:12.750,2.0959,2.0963,2.40,0.20
2008.06.10 16:27:13.751,2.096,2.0963,2.40,0.20
2008.06.10 16:27:13.971,2.0962,2.0965,2.40,0.20
2008.06.10 16:27:14.092,2.096,2.0965,2.50,0.20
2008.06.10 16:27:14.324,2.096,2.0965,2.40,0.20
2008.06.10 16:27:15.027,2.096,2.0963,2.40,0.20
2008.06.10 16:27:17.677,2.09585,2.0963,0.90,0.20
2008.06.10 16:27:18.037,2.0958,2.0963,3.30,0.20
2008.06.10 16:27:18.111,2.0958,2.0963,2.40,0.20
2008.06.10 16:27:18.890,2.0958,2.0962,2.40,0.20
2008.06.10 16:27:21.926,2.0957,2.0961,3.30,0.20
2008.06.10 16:27:22.508,2.0957,2.0961,2.40,0.20
2008.06.10 16:27:25.011,2.0957,2.0962,2.40,0.20
2008.06.10 16:27:26.824,2.0957,2.0962,3.30,0.20
2008.06.10 16:27:26.900,2.0959,2.0964,2.40,0.20
2008.06.10 16:27:31.302,2.0959,2.0963,2.40,0.20
2008.06.10 16:27:32.074,2.0959,2.0964,2.40,0.20
2008.06.10 16:27:34.178,2.0961,2.0964,2.40,0.20
2008.06.10 16:27:34.421,2.0959,2.0964,2.40,0.20
2008.06.10 16:27:35.925,2.0958,2.0961,2.80,0.20
2008.06.10 16:27:36.205,2.0959,2.0964,2.40,0.20
2008.06.10 16:27:36.484,2.0959,2.0963,2.40,0.20
2008.06.10 16:27:38.681,2.0959,2.0963,2.40,0.20
2008.06.10 16:27:41.769,2.096,2.0963,2.40,0.20
2008.06.10 16:27:43.078,2.0958,2.0963,2.40,0.20
2008.06.10 16:27:44.613,2.0958,2.0963,3.30,0.20
2008.06.10 16:27:45.592,2.0958,2.0961,3.30,0.20
2008.06.10 16:27:46.279,2.0958,2.0961,2.40,0.20
2008.06.10 16:27:46.740,2.0956,2.0959,0.90,0.20
2008.06.10 16:27:46.899,2.09555,2.0959,1.90,0.20
2008.06.10 16:27:47.059,2.09545,2.0959,0.90,0.20
2008.06.10 16:27:47.451,2.0954,2.0959,3.30,0.20
2008.06.10 16:27:47.869,2.0954,2.0959,2.40,0.20
2008.06.10 16:27:48.231,2.0956,2.0959,2.40,0.20
2008.06.10 16:27:49.406,2.0956,2.0959,3.30,0.20
2008.06.10 16:27:53.249,2.0956,2.0959,2.40,0.20
2008.06.10 16:27:54.152,2.0954,2.0959,2.10,0.20
2008.06.10 16:27:54.409,2.0954,2.0959,3.30,0.20
2008.06.10 16:27:54.567,2.0954,2.0959,2.40,0.20
2008.06.10 16:27:55.000,2.0953,2.0957,1.90,0.20
2008.06.10 16:27:55.112,2.0952,2.0957,3.30,0.20
2008.06.10 16:27:55.586,2.09525,2.0957,0.90,0.20
2008.06.10 16:27:56.353,2.09525,2.0959,0.90,0.20
2008.06.10 16:27:56.624,2.0953,2.0957,0.90,0.20
2008.06.10 16:27:57.858,2.0954,2.0957,2.40,0.20
2008.06.10 16:27:58.614,2.0954,2.0957,3.30,0.20
2008.06.10 16:28:00.489,2.0954,2.0957,0.90,0.20
2008.06.10 16:28:00.603,2.0953,2.0957,3.30,0.20
2008.06.10 16:28:01.397,2.0953,2.0957,2.40,0.20
2008.06.10 16:28:01.668,2.0953,2.0958,3.30,0.20
2008.06.10 16:28:02.195,2.0954,2.0958,2.40,0.20
2008.06.10 16:28:02.448,2.0955,2.0958,0.90,0.20
2008.06.10 16:28:02.876,2.0955,2.096,3.30,0.20
2008.06.10 16:28:03.301,2.0956,2.096,3.30,0.20
2008.06.10 16:28:04.254,2.0957,2.0962,2.40,0.20
2008.06.10 16:28:04.420,2.0957,2.0961,2.40,0.20
2008.06.10 16:28:09.185,2.0957,2.0961,2.40,3.00
2008.06.10 16:28:09.433,2.0955,2.0959,1.90,0.20
2008.06.10 16:28:09.524,2.0954,2.0959,3.30,0.20
2008.06.10 16:28:10.085,2.0954,2.0959,2.40,0.20
2008.06.10 16:28:21.829,2.0954,2.0958,2.40,0.20
2008.06.10 16:28:44.314,2.0955,2.0959,2.40,0.20
2008.06.10 16:28:51.492,2.0956,2.0961,2.40,1.00
2008.06.10 16:28:51.567,2.0956,2.0961,2.40,0.20
2008.06.10 16:28:52.539,2.0957,2.0961,2.40,0.20
2008.06.10 16:28:54.042,2.0957,2.09625,2.40,0.90
2008.06.10 16:28:54.398,2.0957,2.0962,2.40,0.20
2008.06.10 16:28:55.139,2.0957,2.0962,2.40,1.00
2008.06.10 16:28:56.643,2.0956,2.0961,2.40,0.20
2008.06.10 16:28:57.587,2.0956,2.096,2.40,0.20
2008.06.10 16:29:08.720,2.0957,2.0961,2.40,0.20
2008.06.10 16:29:10.748,2.0957,2.096,2.40,0.20
2008.06.10 16:29:12.561,2.0955,2.096,3.30,0.20
2008.06.10 16:29:12.654,2.0955,2.096,2.40,0.20
2008.06.10 16:29:18.151,2.0955,2.096,2.40,1.00
2008.06.10 16:29:24.545,2.0955,2.0959,2.40,0.20
2008.06.10 16:29:29.856,2.0953,2.0958,2.40,0.20
2008.06.10 16:29:32.080,2.0954,2.0958,2.40,0.20
2008.06.10 16:29:34.592,2.0954,2.0958,2.40,0.20
2008.06.10 16:29:35.207,2.0955,2.096,2.40,0.20
2008.06.10 16:29:35.805,2.0956,2.096,2.40,0.20
2008.06.10 16:29:41.903,2.0954,2.096,2.20,0.20
2008.06.10 16:29:43.535,2.0955,2.0961,1.90,0.20
2008.06.10 16:29:43.799,2.09555,2.0961,1.90,0.20
2008.06.10 16:29:44.910,2.0956,2.0961,1.90,0.20
2008.06.10 16:29:46.206,2.09555,2.0961,1.90,0.20
2008.06.10 16:29:46.277,2.0955,2.0961,2.40,0.20
2008.06.10 16:29:46.411,2.0955,2.0959,2.40,0.20
2008.06.10 16:29:48.803,2.0956,2.0959,2.40,0.20
2008.06.10 16:29:49.059,2.0956,2.0959,3.30,0.20
2008.06.10 16:29:49.582,2.0956,2.0959,2.40,0.20
2008.06.10 16:29:51.670,2.0956,2.0961,2.40,0.20
2008.06.10 16:29:52.679,2.0957,2.0961,2.40,0.20
2008.06.10 16:29:56.938,2.0958,2.0961,2.40,0.20
2008.06.10 16:29:57.323,2.0958,2.0963,2.40,0.20
2008.06.10 16:29:57.582,2.0958,2.0963,2.40,0.20
2008.06.10 16:29:59.808,2.096,2.0963,2.40,0.20
2008.06.10 16:30:00.618,2.096,2.0965,2.40,0.20
2008.06.10 16:30:00.801,2.0962,2.0965,2.40,0.20
2008.06.10 16:30:07.567,2.0962,2.0964,2.40,0.20
2008.06.10 16:30:08.806,2.0962,2.0965,2.40,0.20
2008.06.10 16:30:11.647,2.09605,2.0965,0.90,0.20
2008.06.10 16:30:11.763,2.096,2.0965,6.00,0.20
2008.06.10 16:30:11.947,2.096,2.0963,4.30,0.20
2008.06.10 16:30:12.015,2.096,2.0963,3.30,0.20
2008.06.10 16:30:12.182,2.0961,2.0963,0.90,0.20
2008.06.10 16:30:12.518,2.096,2.0963,3.30,0.20
2008.06.10 16:30:12.714,2.0961,2.0965,2.40,0.20
2008.06.10 16:30:12.909,2.096,2.0964,3.30,0.20
2008.06.10 16:30:13.138,2.096,2.0964,2.40,0.20
2008.06.10 16:30:13.656,2.096,2.0963,2.40,0.20
2008.06.10 16:30:15.116,2.0958,2.0961,3.30,0.20
2008.06.10 16:30:15.337,2.0958,2.0961,2.40,0.20
2008.06.10 16:30:15.811,2.0958,2.0963,2.40,0.20
2008.06.10 16:30:16.058,2.0958,2.0961,2.40,0.20
2008.06.10 16:30:16.377,2.096,2.0964,2.40,0.20
2008.06.10 16:30:16.752,2.0959,2.0965,0.90,0.20
2008.06.10 16:30:17.144,2.09585,2.0965,0.90,0.20
2008.06.10 16:30:17.374,2.0959,2.0965,3.60,0.20
2008.06.10 16:30:17.623,2.09595,2.0965,0.90,0.20
2008.06.10 16:30:17.860,2.096,2.0965,1.90,0.20
2008.06.10 16:30:18.096,2.0959,2.0964,2.40,0.20
2008.06.10 16:30:18.426,2.0959,2.0962,2.40,0.20
2008.06.10 16:30:18.806,2.0959,2.0962,3.30,0.20
2008.06.10 16:30:18.977,2.0961,2.0964,2.40,0.20
2008.06.10 16:30:19.171,2.096,2.0966,2.40,1.00
2008.06.10 16:30:19.429,2.0959,2.0965,2.60,0.20
2008.06.10 16:30:19.631,2.0961,2.0965,2.40,0.20
2008.06.10 16:30:20.789,2.096,2.0965,2.40,0.20
2008.06.10 16:30:20.988,2.0961,2.0966,2.40,0.20
2008.06.10 16:30:21.705,2.0963,2.0966,2.40,0.20
2008.06.10 16:30:22.456,2.0965,2.0968,2.40,0.20
2008.06.10 16:30:22.487,2.0965,2.0969,2.40,1.20
2008.06.10 16:30:34.202,2.0964,2.09705,1.90,3.10
2008.06.10 16:30:34.291,2.0963,2.0968,5.80,0.20
2008.06.10 16:30:34.380,2.0963,2.09705,2.80,3.10
2008.06.10 16:30:34.451,2.0963,2.09705,3.90,3.10
2008.06.10 16:30:35.024,2.0963,2.0966,2.40,0.20
2008.06.10 16:30:38.169,2.0962,2.0966,0.90,0.20
2008.06.10 16:30:38.376,2.0961,2.0966,2.40,0.20
2008.06.10 16:30:39.480,2.0963,2.0966,2.40,0.20
2008.06.10 16:30:40.613,2.0962,2.0966,0.90,0.20
2008.06.10 16:30:40.889,2.0961,2.0966,2.40,0.20
2008.06.10 16:30:45.524,2.0961,2.0964,2.40,0.20
2008.06.10 16:30:47.286,2.0963,2.0966,2.40,0.20
2008.06.10 16:30:47.510,2.0961,2.0966,2.20,0.20
2008.06.10 16:30:47.664,2.0961,2.0966,2.40,0.20
2008.06.10 16:30:47.801,2.0962,2.0966,2.40,0.20
2008.06.10 16:30:48.583,2.0962,2.0967,2.40,0.20
2008.06.10 16:30:51.485,2.0962,2.0965,2.40,0.20
2008.06.10 16:30:51.766,2.0962,2.0964,2.40,0.20
2008.06.10 16:30:52.134,2.0962,2.0966,2.40,0.20
2008.06.10 16:30:54.249,2.0962,2.0964,2.40,0.20
2008.06.10 16:30:55.118,2.0962,2.0966,2.40,0.20
2008.06.10 16:30:55.324,2.0962,2.0964,2.40,0.20
2008.06.10 16:30:55.752,2.0962,2.0966,2.40,0.20
2008.06.10 16:30:56.269,2.0961,2.0965,2.80,0.20
2008.06.10 16:30:56.416,2.0962,2.0965,2.40,0.20
2008.06.10 16:30:59.977,2.096,2.0963,3.30,0.20
2008.06.10 16:31:00.156,2.096,2.0965,3.30,0.20
2008.06.10 16:31:00.335,2.096,2.0965,3.00,0.20
2008.06.10 16:31:00.513,2.096,2.0965,4.00,0.20
2008.06.10 16:31:00.723,2.096,2.0965,3.30,0.20
2008.06.10 16:31:01.944,2.0961,2.0964,2.40,0.20
2008.06.10 16:31:02.125,2.096,2.0964,0.90,0.20
2008.06.10 16:31:03.074,2.0961,2.0964,2.40,0.20
2008.06.10 16:31:05.234,2.0959,2.0964,4.80,0.20
2008.06.10 16:31:05.377,2.0961,2.0964,2.40,0.20
2008.06.10 16:31:06.598,2.0961,2.0964,4.00,0.20
2008.06.10 16:31:06.706,2.0963,2.0966,2.40,0.20
2008.06.10 16:31:07.197,2.0963,2.0968,2.40,0.20
2008.06.10 16:31:07.394,2.0963,2.0966,2.40,0.20
2008.06.10 16:31:07.881,2.0962,2.0965,2.40,0.20
2008.06.10 16:31:10.321,2.0962,2.0965,2.40,0.20
2008.06.10 16:31:11.307,2.096,2.0965,3.30,0.20
2008.06.10 16:31:11.493,2.096,2.0965,2.40,0.20
2008.06.10 16:31:11.671,2.0962,2.0965,2.40,0.20
2008.06.10 16:31:12.257,2.0961,2.0964,2.40,0.20
2008.06.10 16:31:12.863,2.0962,2.0964,2.40,0.20
2008.06.10 16:31:13.106,2.0962,2.0966,2.40,0.20
2008.06.10 16:31:13.687,2.0962,2.0967,2.40,0.20
2008.06.10 16:31:13.873,2.0963,2.0969,2.40,0.20
2008.06.10 16:31:14.368,2.0964,2.0969,2.40,0.20
2008.06.10 16:31:14.543,2.0965,2.097,2.40,2.00
2008.06.10 16:31:14.579,2.0965,2.09705,2.40,3.00
2008.06.10 16:31:14.907,2.0964,2.0969,2.40,0.20
2008.06.10 16:31:15.251,2.0963,2.0968,1.90,3.10
2008.06.10 16:31:15.413,2.0962,2.0967,2.40,0.20
2008.06.10 16:31:18.071,2.0962,2.0968,2.40,2.10
2008.06.10 16:31:18.731,2.0962,2.0967,2.40,0.20
2008.06.10 16:31:20.211,2.0963,2.0969,2.40,6.00
2008.06.10 16:31:22.049,2.0962,2.0969,2.40,5.00
2008.06.10 16:31:23.200,2.0962,2.09685,2.40,5.70
2008.06.10 16:31:23.429,2.0959,2.0968,9.10,4.00
2008.06.10 16:31:23.671,2.0959,2.0968,4.30,6.00
2008.06.10 16:31:23.903,2.096,2.0967,2.40,0.20
2008.06.10 16:31:24.366,2.0959,2.09665,2.80,3.10
2008.06.10 16:31:24.600,2.0959,2.0966,2.40,0.20
2008.06.10 16:31:24.783,2.0959,2.0966,2.40,3.00
2008.06.10 16:31:25.004,2.0959,2.0966,2.40,8.80
2008.06.10 16:31:28.536,2.09575,2.0963,1.90,0.20
2008.06.10 16:31:28.706,2.0957,2.0963,2.60,0.20
2008.06.10 16:31:28.848,2.0958,2.0964,2.40,0.20
2008.06.10 16:31:28.993,2.0958,2.0961,2.40,0.20
2008.06.10 16:31:29.302,2.0958,2.0964,2.40,0.20
2008.06.10 16:31:29.768,2.0958,2.0965,2.40,0.20
2008.06.10 16:31:30.835,2.0958,2.0963,2.40,0.20
2008.06.10 16:31:36.881,2.0957,2.0961,2.40,0.20
2008.06.10 16:31:37.263,2.0957,2.0961,3.30,0.20
2008.06.10 16:31:37.500,2.0959,2.0963,2.40,0.20
2008.06.10 16:31:37.735,2.096,2.0964,2.40,0.20
2008.06.10 16:31:38.016,2.0957,2.0962,3.30,0.20
2008.06.10 16:31:38.256,2.0959,2.0962,2.40,0.20
2008.06.10 16:31:38.531,2.0959,2.0961,2.40,0.20
2008.06.10 16:31:38.983,2.0959,2.0963,2.40,0.20
2008.06.10 16:31:41.786,2.09575,2.0962,1.90,0.20
2008.06.10 16:31:41.881,2.0957,2.0962,4.80,0.20
2008.06.10 16:31:42.835,2.0957,2.0962,3.60,0.20
2008.06.10 16:31:44.663,2.0957,2.0962,2.40,0.20
2008.06.10 16:31:45.081,2.0956,2.096,2.80,0.20
2008.06.10 16:31:45.168,2.0957,2.0962,2.40,0.20
2008.06.10 16:31:45.584,2.09565,2.0962,1.90,0.20
2008.06.10 16:31:46.400,2.0957,2.0961,1.90,0.20
2008.06.10 16:31:46.582,2.09565,2.0961,1.90,0.20
2008.06.10 16:31:46.790,2.0957,2.0961,1.90,0.20
2008.06.10 16:31:46.882,2.0957,2.0962,2.40,0.20
2008.06.10 16:31:49.123,2.0957,2.0961,2.40,0.20
2008.06.10 16:31:56.715,2.0957,2.0959,2.40,0.20
2008.06.10 16:31:57.699,2.0957,2.0961,2.40,0.20
2008.06.10 16:32:00.570,2.0957,2.0959,2.40,0.20
2008.06.10 16:32:06.499,2.0955,2.0959,0.90,0.20
2008.06.10 16:32:06.558,2.09545,2.0959,2.80,0.20
2008.06.10 16:32:06.698,2.09545,2.0959,0.90,0.20
2008.06.10 16:32:06.772,2.0954,2.0959,5.40,0.20
2008.06.10 16:32:06.936,2.0954,2.0959,3.60,0.20
2008.06.10 16:32:07.144,2.0954,2.0959,3.30,0.20
2008.06.10 16:32:07.238,2.0954,2.0959,2.40,0.20
2008.06.10 16:32:07.331,2.0954,2.0957,2.40,0.20
2008.06.10 16:32:07.597,2.0954,2.0957,3.30,0.20
2008.06.10 16:32:08.917,2.0954,2.0959,3.30,0.20
2008.06.10 16:32:09.494,2.0954,2.0959,2.40,0.20
2008.06.10 16:32:09.671,2.0954,2.0957,2.40,0.20
2008.06.10 16:32:14.846,2.0953,2.0957,4.30,0.20
2008.06.10 16:32:14.896,2.0953,2.0957,2.00,0.20
2008.06.10 16:32:14.939,2.0953,2.0957,2.80,0.20
2008.06.10 16:32:14.973,2.0953,2.0957,1.90,0.20
2008.06.10 16:32:15.110,2.0953,2.0957,2.80,0.20
2008.06.10 16:32:15.306,2.0953,2.0957,0.90,0.20
2008.06.10 16:32:15.345,2.09525,2.0957,2.80,0.20
2008.06.10 16:32:15.396,2.09525,2.0955,2.80,0.20
2008.06.10 16:32:15.838,2.0952,2.0955,0.90,0.20
2008.06.10 16:32:16.030,2.0952,2.0956,2.40,0.20
2008.06.10 16:32:16.219,2.0952,2.0955,2.40,0.20
2008.06.10 16:32:17.288,2.095,2.0953,2.40,0.20
2008.06.10 16:32:20.301,2.0951,2.0955,2.40,0.20
2008.06.10 16:32:20.498,2.0953,2.0955,2.40,0.20
2008.06.10 16:32:21.048,2.0953,2.0958,2.40,0.20
2008.06.10 16:32:21.771,2.0954,2.0959,2.40,0.20
2008.06.10 16:32:22.396,2.0955,2.0959,2.40,0.20
2008.06.10 16:32:23.035,2.09535,2.0958,0.90,0.20
2008.06.10 16:32:23.203,2.0954,2.0958,2.40,0.20
2008.06.10 16:32:23.372,2.0954,2.0958,3.30,0.20
2008.06.10 16:32:24.008,2.0954,2.0958,2.40,0.20
2008.06.10 16:32:31.664,2.0954,2.09595,2.40,0.90
2008.06.10 16:32:31.833,2.0954,2.0961,2.40,3.00
2008.06.10 16:32:32.011,2.0956,2.096,2.40,0.20
2008.06.10 16:32:32.581,2.0957,2.09605,2.40,0.90
2008.06.10 16:32:32.779,2.0957,2.0962,2.40,3.00
2008.06.10 16:32:33.159,2.0957,2.0962,2.40,0.20
2008.06.10 16:32:34.530,2.0957,2.0962,2.40,2.00
2008.06.10 16:32:34.763,2.0957,2.0962,2.40,0.20
2008.06.10 16:32:34.997,2.0957,2.0963,2.40,1.90
2008.06.10 16:32:35.363,2.0957,2.0963,2.40,2.80
2008.06.10 16:32:35.871,2.0957,2.0963,2.40,0.90
2008.06.10 16:32:36.347,2.0957,2.0962,2.40,0.20
