2007.11.08 23:00:00.064,2.37315,2.37375,0.80,4.80
2007.11.08 23:00:00.137,2.37315,2.37395,1.60,5.60
2007.11.08 23:00:00.209,2.37315,2.37395,1.60,5.60
2007.11.08 23:00:00.281,2.37315,2.37395,1.60,5.60
2007.11.08 23:00:00.353,2.37315,2.37395,1.60,5.60
2007.11.08 23:00:00.425,2.37315,2.37395,1.60,5.60
2007.11.08 23:00:00.499,2.37315,2.37395,1.60,5.60
2007.11.08 23:00:00.572,2.37315,2.37395,1.60,5.60
2007.11.08 23:00:00.644,2.37315,2.37395,1.60,5.60
2007.11.08 23:00:00.716,2.37315,2.37395,1.60,5.60
2007.11.08 23:00:00.788,2.37315,2.37395,1.60,5.60
2007.11.08 23:00:00.861,2.37315,2.37395,1.60,5.60
2007.11.08 23:00:00.933,2.37315,2.37395,1.60,5.60
2007.11.08 23:00:01.005,2.37315,2.37395,1.60,5.60
2007.11.08 23:00:01.228,2.37315,2.37395,1.60,5.60
2007.11.08 23:00:01.560,2.37315,2.37395,1.60,5.60
2007.11.08 23:00:01.893,2.37315,2.37395,1.60,5.60
2007.11.08 23:00:02.226,2.37315,2.37395,1.60,5.60
2007.11.08 23:00:02.557,2.37315,2.37395,1.60,5.60
2007.11.08 23:00:02.889,2.37315,2.37395,1.60,5.60
2007.11.08 23:00:03.233,2.37315,2.37395,1.60,5.60
2007.11.08 23:00:03.565,2.37315,2.37395,1.60,5.60
2007.11.08 23:00:03.897,2.37315,2.37395,1.60,5.60
2007.11.08 23:00:04.229,2.37315,2.37395,1.60,5.60
2007.11.08 23:00:04.432,2.37315,2.37395,1.60,5.60
2007.11.08 23:00:04.636,2.37315,2.37395,1.60,5.60
2007.11.08 23:00:04.839,2.37315,2.37395,1.60,5.60
2007.11.08 23:00:05.040,2.37315,2.37395,1.60,5.60
2007.11.08 23:00:05.249,2.37315,2.37395,1.60,5.60
2007.11.08 23:00:05.325,2.37315,2.37395,1.60,5.60
2007.11.08 23:00:05.407,2.37315,2.37395,1.60,5.60
2007.11.08 23:00:05.490,2.37315,2.37395,1.60,5.60
2007.11.08 23:00:05.573,2.37315,2.37395,1.60,5.60
2007.11.08 23:00:05.656,2.37315,2.37395,1.60,5.60
2007.11.08 23:00:05.739,2.37315,2.37395,1.60,5.60
2007.11.08 23:00:05.822,2.37315,2.37395,1.60,5.60
2007.11.08 23:00:05.904,2.37315,2.37395,1.60,5.60
2007.11.08 23:00:05.987,2.37315,2.37395,1.60,5.60
2007.11.08 23:00:06.071,2.37315,2.37395,1.60,5.60
2007.11.08 23:00:06.153,2.37315,2.37395,1.60,5.60
2007.11.08 23:00:06.235,2.37315,2.37395,1.60,5.60
2007.11.08 23:00:06.317,2.37315,2.37395,1.60,5.60
2007.11.08 23:00:06.605,2.37315,2.37395,1.60,5.60
2007.11.08 23:00:06.892,2.37315,2.37395,1.60,5.60
2007.11.08 23:00:07.180,2.37315,2.37395,1.60,5.60
2007.11.08 23:00:07.469,2.37315,2.37395,1.60,5.60
2007.11.08 23:00:07.801,2.37315,2.37395,1.60,5.60
2007.11.08 23:00:08.133,2.37315,2.37395,1.60,5.60
2007.11.08 23:00:08.467,2.37295,2.37395,1.60,13.60
2007.11.08 23:00:08.799,2.37295,2.37395,1.60,13.60
2007.11.08 23:00:09.132,2.37295,2.37395,1.60,13.60
2007.11.08 23:00:09.464,2.37295,2.37395,1.60,13.60
2007.11.08 23:00:09.796,2.37295,2.37395,1.60,13.60
2007.11.08 23:00:09.889,2.37295,2.37395,1.60,13.60
2007.11.08 23:00:09.983,2.37295,2.37395,1.60,13.60
2007.11.08 23:00:10.075,2.37295,2.37395,1.60,13.60
2007.11.08 23:00:10.168,2.37295,2.37395,1.60,13.60
2007.11.08 23:00:10.260,2.37315,2.37395,0.80,13.60
2007.11.08 23:00:10.354,2.37315,2.37395,0.80,5.60
2007.11.08 23:00:10.447,2.37315,2.37395,1.60,5.60
2007.11.08 23:00:10.539,2.37315,2.37395,1.60,5.60
2007.11.08 23:00:10.752,2.37315,2.37395,1.60,5.60
2007.11.08 23:00:10.964,2.37315,2.37395,1.60,5.60
2007.11.08 23:00:11.176,2.37315,2.37395,1.60,5.60
2007.11.08 23:00:11.390,2.37315,2.37395,1.60,5.60
2007.11.08 23:00:11.602,2.37315,2.37395,1.60,5.60
2007.11.08 23:00:11.736,2.37315,2.37395,1.60,5.60
2007.11.08 23:00:11.869,2.37315,2.37395,1.60,5.60
2007.11.08 23:00:12.000,2.37315,2.37395,1.60,5.60
2007.11.08 23:00:12.133,2.37315,2.37395,1.60,5.60
2007.11.08 23:00:12.266,2.37315,2.37395,1.60,5.60
2007.11.08 23:00:12.398,2.37315,2.37395,1.60,5.60
2007.11.08 23:00:12.530,2.37315,2.37395,1.60,5.60
2007.11.08 23:00:12.663,2.37315,2.37395,1.60,5.60
2007.11.08 23:00:12.996,2.37315,2.37395,1.60,5.60
2007.11.08 23:00:13.328,2.37315,2.37395,1.60,5.60
2007.11.08 23:00:13.661,2.37315,2.37395,1.60,5.60
2007.11.08 23:00:13.993,2.37315,2.37395,1.60,5.60
2007.11.08 23:00:14.326,2.37315,2.37395,1.60,5.60
2007.11.08 23:00:14.658,2.37315,2.37395,1.60,5.60
2007.11.08 23:00:14.991,2.37315,2.37395,1.60,5.60
2007.11.08 23:00:15.043,2.37315,2.37395,1.60,5.60
2007.11.08 23:00:15.095,2.37315,2.37395,1.60,5.60
2007.11.08 23:00:15.148,2.37315,2.37395,1.60,5.60
2007.11.08 23:00:15.201,2.37315,2.37395,1.60,5.60
2007.11.08 23:00:15.254,2.37315,2.37395,1.60,5.60
2007.11.08 23:00:15.307,2.37315,2.37395,1.60,5.60
2007.11.08 23:00:15.361,2.37315,2.37395,1.60,5.60
2007.11.08 23:00:15.413,2.37315,2.37395,1.60,5.60
2007.11.08 23:00:15.465,2.37315,2.37395,1.60,5.60
2007.11.08 23:00:15.518,2.37315,2.37395,1.60,5.60
2007.11.08 23:00:15.573,2.37315,2.37395,1.60,5.60
2007.11.08 23:00:15.625,2.37315,2.37395,1.60,5.60
2007.11.08 23:00:15.677,2.37315,2.37395,1.60,5.60
2007.11.08 23:00:15.911,2.37315,2.37395,1.60,5.60
2007.11.08 23:00:16.145,2.37315,2.37395,1.60,5.60
2007.11.08 23:00:16.377,2.37315,2.37395,1.60,5.60
2007.11.08 23:00:16.610,2.37315,2.37395,1.60,5.60
2007.11.08 23:00:16.852,2.37315,2.37395,1.60,5.60
2007.11.08 23:00:16.932,2.37315,2.37395,1.60,5.60
2007.11.08 23:00:17.010,2.37315,2.37395,1.60,5.60
2007.11.08 23:00:17.088,2.37315,2.37395,1.60,5.60
2007.11.08 23:00:17.167,2.37315,2.37395,1.60,5.60
2007.11.08 23:00:17.245,2.37315,2.37395,1.60,5.60
2007.11.08 23:00:17.322,2.37315,2.37395,1.60,5.60
2007.11.08 23:00:17.399,2.37315,2.37395,1.60,5.60
2007.11.08 23:00:17.478,2.37315,2.37395,1.60,5.60
2007.11.08 23:00:17.555,2.37315,2.37395,1.60,5.60
2007.11.08 23:00:17.632,2.37315,2.37395,1.60,5.60
2007.11.08 23:00:17.709,2.37315,2.37395,1.60,5.60
2007.11.08 23:00:17.788,2.37315,2.37395,1.60,5.60
2007.11.08 23:00:17.866,2.37315,2.37395,1.60,5.60
2007.11.08 23:00:18.199,2.37315,2.37395,1.60,5.60
2007.11.08 23:00:18.531,2.37315,2.37395,1.60,5.60
2007.11.08 23:00:18.864,2.37315,2.37395,1.60,5.60
2007.11.08 23:00:19.197,2.37315,2.37395,1.60,5.60
2007.11.08 23:00:19.530,2.37315,2.37395,1.60,5.60
2007.11.08 23:00:19.862,2.37315,2.37395,1.60,5.60
2007.11.08 23:00:19.919,2.37315,2.37395,1.60,5.60
2007.11.08 23:00:19.977,2.37315,2.37395,1.60,5.60
2007.11.08 23:00:20.035,2.37315,2.37395,1.60,5.60
2007.11.08 23:00:20.093,2.37315,2.37395,1.60,5.60
2007.11.08 23:00:20.151,2.37315,2.37395,1.60,5.60
2007.11.08 23:00:20.208,2.37315,2.37395,1.60,5.60
2007.11.08 23:00:20.265,2.37315,2.37395,1.60,5.60
2007.11.08 23:00:20.322,2.37315,2.37395,1.60,5.60
2007.11.08 23:00:20.380,2.37315,2.37395,1.60,5.60
2007.11.08 23:00:20.439,2.37315,2.37395,1.60,5.60
2007.11.08 23:00:20.496,2.37315,2.37395,1.60,5.60
2007.11.08 23:00:20.553,2.37315,2.37395,1.60,5.60
2007.11.08 23:00:20.610,2.37315,2.37395,1.60,5.60
2007.11.08 23:00:20.667,2.37315,2.37395,1.60,5.60
2007.11.08 23:00:20.725,2.37315,2.37395,1.60,5.60
2007.11.08 23:00:20.783,2.37315,2.37395,1.60,5.60
2007.11.08 23:00:20.841,2.37315,2.37395,1.60,5.60
2007.11.08 23:00:21.063,2.37315,2.37395,1.60,5.60
2007.11.08 23:00:21.276,2.37315,2.37395,0.80,5.60
2007.11.08 23:00:21.489,2.37305,2.37395,8.00,5.60
2007.11.08 23:00:21.701,2.37305,2.37395,8.00,5.60
2007.11.08 23:00:21.913,2.37305,2.37395,8.00,5.60
2007.11.08 23:00:22.245,2.37305,2.37395,8.00,5.60
2007.11.08 23:00:22.578,2.37305,2.37395,8.00,5.60
2007.11.08 23:00:22.731,2.37305,2.37395,1.40,5.60
2007.11.08 23:00:22.910,2.37305,2.37395,8.00,5.60
2007.11.08 23:00:23.244,2.37315,2.37395,0.80,9.60
2007.11.08 23:00:23.577,2.37315,2.37395,1.60,5.60
2007.11.08 23:00:23.910,2.37315,2.37395,1.60,5.60
2007.11.08 23:00:24.242,2.37315,2.37395,1.60,5.60
2007.11.08 23:00:24.575,2.37315,2.37395,1.60,5.60
2007.11.08 23:00:24.908,2.37315,2.37395,1.60,5.60
2007.11.08 23:00:25.240,2.37315,2.37395,1.60,5.60
2007.11.08 23:00:25.307,2.37315,2.37395,1.60,5.60
2007.11.08 23:00:25.374,2.37315,2.37395,1.60,5.60
2007.11.08 23:00:25.442,2.37315,2.37395,1.60,5.60
2007.11.08 23:00:25.511,2.37315,2.37395,1.60,5.60
2007.11.08 23:00:25.578,2.37315,2.37395,1.60,5.60
2007.11.08 23:00:25.645,2.37315,2.37395,1.60,5.60
2007.11.08 23:00:25.712,2.37315,2.37395,1.60,5.60
2007.11.08 23:00:25.898,2.37315,2.37395,1.60,5.60
2007.11.08 23:00:25.967,2.37315,2.37395,1.60,5.60
2007.11.08 23:00:26.109,2.37315,2.37395,1.60,5.60
2007.11.08 23:00:26.251,2.37315,2.37395,1.60,5.60
2007.11.08 23:00:26.393,2.37315,2.37395,1.60,5.60
2007.11.08 23:00:26.536,2.37315,2.37395,1.60,5.60
2007.11.08 23:00:26.678,2.37315,2.37395,1.60,5.60
2007.11.08 23:00:26.821,2.37315,2.37395,1.60,5.60
2007.11.08 23:00:26.963,2.37315,2.37395,1.60,5.60
2007.11.08 23:00:27.107,2.37315,2.37395,1.60,5.60
2007.11.08 23:00:27.439,2.37315,2.37395,1.60,5.60
2007.11.08 23:00:27.771,2.37315,2.37395,1.60,5.60
2007.11.08 23:00:28.104,2.37315,2.37395,1.60,5.60
2007.11.08 23:00:28.153,2.37315,2.37395,1.60,5.60
2007.11.08 23:00:28.223,2.37315,2.37395,1.60,5.60
2007.11.08 23:00:28.270,2.37315,2.37395,1.60,5.60
2007.11.08 23:00:28.318,2.37315,2.37395,1.60,5.60
2007.11.08 23:00:28.367,2.37315,2.37395,1.60,5.60
2007.11.08 23:00:28.416,2.37315,2.37395,1.60,5.60
2007.11.08 23:00:28.464,2.37315,2.37395,1.60,5.60
2007.11.08 23:00:28.511,2.37315,2.37395,1.60,5.60
2007.11.08 23:00:28.580,2.37315,2.37395,1.60,5.60
2007.11.08 23:00:28.628,2.37315,2.37395,1.60,5.60
2007.11.08 23:00:28.675,2.37315,2.37395,1.60,5.60
2007.11.08 23:00:28.724,2.37315,2.37395,1.60,5.60
2007.11.08 23:00:28.771,2.37315,2.37395,1.60,5.60
2007.11.08 23:00:28.818,2.37315,2.37395,1.60,5.60
2007.11.08 23:00:28.879,2.37315,2.37395,1.60,5.60
2007.11.08 23:00:28.916,2.37315,2.37395,1.60,5.60
2007.11.08 23:00:28.963,2.37315,2.37395,1.60,5.60
2007.11.08 23:00:29.010,2.37315,2.37395,1.60,5.60
2007.11.08 23:00:29.059,2.37315,2.37395,1.60,5.60
2007.11.08 23:00:29.393,2.37315,2.37395,1.60,5.60
2007.11.08 23:00:29.725,2.37315,2.37395,1.60,5.60
2007.11.08 23:00:30.059,2.37315,2.37395,1.60,5.60
2007.11.08 23:00:30.391,2.37315,2.37395,1.60,5.60
2007.11.08 23:00:30.454,2.37315,2.37395,1.60,5.60
2007.11.08 23:00:30.518,2.37315,2.37395,1.60,5.60
2007.11.08 23:00:30.581,2.37315,2.37395,1.60,5.60
2007.11.08 23:00:30.643,2.37315,2.37395,1.60,5.60
2007.11.08 23:00:30.705,2.37315,2.37395,1.60,5.60
2007.11.08 23:00:30.767,2.37315,2.37395,1.60,5.60
2007.11.08 23:00:30.830,2.37315,2.37395,1.60,5.60
2007.11.08 23:00:30.894,2.37315,2.37395,1.60,5.60
2007.11.08 23:00:30.962,2.37315,2.37395,1.60,5.60
2007.11.08 23:00:31.018,2.37315,2.37395,1.60,5.60
2007.11.08 23:00:31.080,2.37315,2.37395,1.60,5.60
2007.11.08 23:00:31.318,2.37315,2.37395,1.60,5.60
2007.11.08 23:00:31.555,2.37315,2.37395,1.60,5.60
2007.11.08 23:00:31.835,2.37315,2.37395,1.60,5.60
2007.11.08 23:00:32.082,2.37315,2.37395,1.60,5.60
2007.11.08 23:00:32.412,2.37315,2.37395,1.60,5.60
2007.11.08 23:00:32.745,2.37315,2.37395,1.60,5.60
2007.11.08 23:00:33.077,2.37315,2.37395,1.60,5.60
2007.11.08 23:00:33.410,2.37315,2.37395,1.60,5.60
2007.11.08 23:00:33.464,2.37315,2.37395,1.60,5.60
2007.11.08 23:00:33.517,2.37315,2.37395,1.60,5.60
2007.11.08 23:00:33.570,2.37315,2.37395,1.60,5.60
2007.11.08 23:00:33.622,2.37315,2.37395,1.60,5.60
2007.11.08 23:00:33.675,2.37315,2.37395,1.60,5.60
2007.11.08 23:00:33.730,2.37315,2.37395,1.60,5.60
2007.11.08 23:00:33.782,2.37315,2.37395,1.60,5.60
2007.11.08 23:00:33.836,2.37315,2.37395,1.60,5.60
2007.11.08 23:00:33.889,2.37315,2.37395,1.60,5.60
2007.11.08 23:00:33.942,2.37315,2.37395,1.60,5.60
2007.11.08 23:00:34.002,2.37315,2.37395,1.60,5.60
2007.11.08 23:00:34.055,2.37315,2.37395,1.60,5.60
2007.11.08 23:00:34.108,2.37315,2.37395,1.60,5.60
2007.11.08 23:00:34.441,2.37315,2.37395,1.60,9.60
2007.11.08 23:00:34.774,2.37315,2.37395,1.60,9.60
2007.11.08 23:00:35.107,2.37315,2.37395,1.60,9.60
2007.11.08 23:00:35.190,2.37315,2.37395,1.60,9.60
2007.11.08 23:00:35.273,2.37315,2.37395,1.60,9.60
2007.11.08 23:00:35.355,2.37315,2.37395,1.60,9.60
2007.11.08 23:00:35.438,2.37315,2.37395,1.60,5.60
2007.11.08 23:00:35.522,2.37315,2.37395,1.60,5.60
2007.11.08 23:00:35.604,2.37315,2.37395,1.60,5.60
2007.11.08 23:00:35.686,2.37315,2.37395,1.60,5.60
2007.11.08 23:00:35.769,2.37315,2.37395,1.60,5.60
2007.11.08 23:00:35.852,2.37315,2.37395,1.60,5.60
2007.11.08 23:00:35.934,2.37315,2.37395,1.60,5.60
2007.11.08 23:00:36.017,2.37315,2.37395,1.60,5.60
2007.11.08 23:00:36.100,2.37315,2.37395,1.60,5.60
2007.11.08 23:00:36.182,2.37315,2.37395,1.60,5.60
2007.11.08 23:00:36.350,2.37315,2.37395,1.60,5.60
2007.11.08 23:00:36.517,2.37315,2.37395,1.60,5.60
2007.11.08 23:00:36.684,2.37315,2.37395,1.60,5.60
2007.11.08 23:00:36.865,2.37315,2.37395,1.60,5.60
2007.11.08 23:00:37.032,2.37315,2.37395,1.60,5.60
2007.11.08 23:00:37.200,2.37315,2.37395,1.60,5.60
2007.11.08 23:00:37.534,2.37315,2.37395,1.60,5.60
2007.11.08 23:00:37.866,2.37315,2.37395,1.60,5.60
2007.11.08 23:00:38.270,2.37315,2.37395,1.60,5.60
2007.11.08 23:00:38.327,2.37315,2.37395,1.60,5.60
2007.11.08 23:00:38.385,2.37315,2.37395,1.60,5.60
2007.11.08 23:00:38.443,2.37315,2.37395,1.60,5.60
2007.11.08 23:00:38.499,2.37315,2.37395,1.60,5.60
2007.11.08 23:00:38.557,2.37315,2.37395,1.60,5.60
2007.11.08 23:00:38.616,2.37315,2.37395,1.60,5.60
2007.11.08 23:00:38.675,2.37315,2.37395,1.60,5.60
2007.11.08 23:00:38.732,2.37315,2.37395,1.60,5.60
2007.11.08 23:00:38.791,2.37315,2.37395,1.60,5.60
2007.11.08 23:00:38.848,2.37315,2.37395,1.60,5.60
2007.11.08 23:00:38.905,2.37315,2.37395,1.60,5.60
2007.11.08 23:00:38.963,2.37315,2.37395,1.60,5.60
2007.11.08 23:00:39.020,2.37315,2.37395,1.60,5.60
2007.11.08 23:00:39.078,2.37315,2.37395,1.60,5.60
2007.11.08 23:00:39.136,2.37315,2.37395,1.60,5.60
2007.11.08 23:00:39.194,2.37315,2.37395,1.60,5.60
2007.11.08 23:00:39.252,2.37315,2.37395,1.60,5.60
2007.11.08 23:00:39.310,2.37315,2.37395,1.60,5.60
2007.11.08 23:00:39.643,2.37315,2.37395,1.60,5.60
2007.11.08 23:00:39.975,2.37315,2.37395,1.60,5.60
2007.11.08 23:00:40.269,2.37315,2.37395,1.60,0.60
2007.11.08 23:00:40.312,2.37315,2.37395,1.60,5.60
2007.11.08 23:00:40.360,2.37315,2.37395,1.60,5.60
2007.11.08 23:00:40.408,2.37315,2.37395,1.60,5.60
2007.11.08 23:00:40.456,2.37315,2.37395,1.60,5.60
2007.11.08 23:00:40.503,2.37315,2.37395,1.60,5.60
2007.11.08 23:00:40.550,2.37315,2.37395,1.60,5.60
2007.11.08 23:00:40.598,2.37315,2.37395,1.60,5.60
2007.11.08 23:00:40.646,2.37315,2.37395,1.60,5.60
2007.11.08 23:00:40.694,2.37315,2.37395,1.60,5.60
2007.11.08 23:00:40.742,2.37315,2.37395,1.60,5.60
2007.11.08 23:00:40.789,2.37315,2.37395,1.60,5.60
2007.11.08 23:00:40.836,2.37315,2.37395,1.60,5.60
2007.11.08 23:00:40.883,2.37315,2.37395,1.60,5.60
2007.11.08 23:00:40.931,2.37315,2.37395,1.60,5.60
2007.11.08 23:00:40.980,2.37315,2.37395,1.60,5.60
2007.11.08 23:00:41.028,2.37315,2.37395,1.60,5.60
2007.11.08 23:00:41.076,2.37315,2.37395,1.60,5.60
2007.11.08 23:00:41.123,2.37315,2.37395,1.60,5.60
2007.11.08 23:00:41.171,2.37315,2.37395,1.60,5.60
2007.11.08 23:00:41.225,2.37315,2.37395,1.60,5.60
2007.11.08 23:00:41.267,2.37315,2.37395,1.60,5.60
2007.11.08 23:00:41.315,2.37315,2.37395,1.60,5.60
2007.11.08 23:00:41.648,2.37315,2.37395,1.60,5.60
2007.11.08 23:00:41.980,2.37315,2.37395,1.60,5.60
2007.11.08 23:00:42.313,2.37315,2.37395,1.60,5.60
2007.11.08 23:00:42.646,2.37315,2.37395,1.60,5.60
2007.11.08 23:00:42.978,2.37315,2.37395,1.60,4.80
2007.11.08 23:00:43.311,2.37315,2.37415,1.60,8.00
2007.11.08 23:00:43.644,2.37315,2.37435,1.60,4.00
2007.11.08 23:00:43.976,2.37315,2.37435,3.20,4.00
2007.11.08 23:00:44.441,2.37315,2.37435,3.20,4.00
2007.11.08 23:00:44.548,2.37315,2.37435,3.20,4.00
2007.11.08 23:00:44.656,2.37315,2.37435,3.20,4.00
2007.11.08 23:00:44.764,2.37315,2.37435,3.20,4.00
2007.11.08 23:00:44.873,2.37315,2.37435,3.20,4.00
2007.11.08 23:00:44.981,2.37315,2.37435,3.20,4.00
2007.11.08 23:00:45.089,2.37315,2.37435,3.20,4.00
2007.11.08 23:00:45.197,2.37315,2.37435,3.20,4.00
2007.11.08 23:00:45.304,2.37315,2.37435,3.20,4.00
2007.11.08 23:00:45.412,2.37315,2.37435,3.20,4.00
2007.11.08 23:00:45.520,2.37315,2.37435,3.20,4.00
2007.11.08 23:00:45.673,2.37315,2.37435,3.20,4.00
2007.11.08 23:00:45.826,2.37315,2.37435,3.20,4.00
2007.11.08 23:00:45.979,2.37315,2.37435,3.20,4.00
2007.11.08 23:00:46.131,2.37315,2.37435,3.20,4.00
2007.11.08 23:00:46.284,2.37315,2.37435,3.20,4.00
2007.11.08 23:00:46.437,2.37315,2.37435,3.20,4.00
2007.11.08 23:00:46.590,2.37315,2.37435,3.20,4.00
2007.11.08 23:00:46.693,2.37315,2.37435,3.20,4.00
2007.11.08 23:00:46.856,2.37315,2.37435,3.20,4.00
2007.11.08 23:00:46.959,2.37315,2.37435,3.20,4.00
2007.11.08 23:00:47.062,2.37315,2.37435,3.20,4.00
2007.11.08 23:00:47.164,2.37315,2.37435,3.20,4.00
2007.11.08 23:00:47.267,2.37315,2.37435,3.20,4.00
2007.11.08 23:00:47.370,2.37325,2.37435,3.60,4.00
2007.11.08 23:00:47.474,2.37325,2.37435,3.60,4.00
2007.11.08 23:00:47.577,2.37325,2.37435,3.60,4.00
2007.11.08 23:00:47.910,2.37315,2.37435,3.20,4.00
2007.11.08 23:00:48.244,2.37315,2.37435,1.60,4.00
2007.11.08 23:00:48.575,2.37315,2.37435,1.60,4.00
2007.11.08 23:00:48.907,2.37315,2.37435,3.20,4.00
2007.11.08 23:00:49.240,2.37315,2.37435,3.20,4.00
2007.11.08 23:00:49.580,2.37315,2.37435,3.20,4.00
2007.11.08 23:00:49.906,2.37315,2.37435,3.20,4.00
2007.11.08 23:00:50.239,2.37315,2.37435,1.60,4.00
2007.11.08 23:00:50.604,2.37315,2.37435,1.60,4.00
2007.11.08 23:00:50.710,2.37315,2.37435,1.60,4.00
2007.11.08 23:00:50.818,2.37315,2.37435,1.60,4.00
2007.11.08 23:00:50.925,2.37315,2.37435,1.60,4.00
2007.11.08 23:00:51.033,2.37315,2.37435,1.60,4.00
2007.11.08 23:00:51.149,2.37315,2.37435,1.60,4.00
2007.11.08 23:00:51.251,2.37315,2.37435,1.60,4.00
2007.11.08 23:00:51.358,2.37315,2.37435,1.60,4.00
2007.11.08 23:00:51.465,2.37315,2.37435,1.60,4.00
2007.11.08 23:00:51.574,2.37315,2.37435,1.60,4.00
2007.11.08 23:00:51.682,2.37315,2.37435,1.60,4.00
2007.11.08 23:00:51.884,2.37315,2.37435,1.60,4.00
2007.11.08 23:00:52.065,2.37315,2.37435,1.60,4.00
2007.11.08 23:00:52.245,2.37315,2.37435,1.60,4.00
2007.11.08 23:00:52.422,2.37315,2.37435,1.60,4.00
2007.11.08 23:00:52.601,2.37315,2.37435,1.60,4.00
2007.11.08 23:00:52.779,2.37315,2.37435,3.20,4.00
2007.11.08 23:00:53.112,2.37315,2.37435,3.20,4.00
2007.11.08 23:00:53.444,2.37315,2.37435,3.20,4.00
2007.11.08 23:00:53.777,2.37315,2.37435,3.20,4.00
2007.11.08 23:00:54.109,2.37315,2.37435,3.20,4.00
2007.11.08 23:00:54.442,2.37315,2.37435,3.20,4.00
2007.11.08 23:00:54.773,2.37315,2.37435,3.20,4.00
2007.11.08 23:00:55.105,2.37315,2.37435,3.20,4.00
2007.11.08 23:00:55.168,2.37315,2.37435,3.20,4.00
2007.11.08 23:00:55.232,2.37315,2.37435,3.20,4.00
2007.11.08 23:00:55.294,2.37315,2.37435,3.20,4.00
2007.11.08 23:00:55.357,2.37315,2.37435,3.20,4.00
2007.11.08 23:00:55.419,2.37315,2.37435,3.20,4.00
2007.11.08 23:00:55.482,2.37315,2.37435,3.20,4.00
2007.11.08 23:00:55.544,2.37315,2.37435,3.20,4.00
2007.11.08 23:00:55.606,2.37315,2.37435,3.20,4.00
2007.11.08 23:00:55.669,2.37315,2.37435,3.20,4.00
2007.11.08 23:00:55.734,2.37335,2.37435,1.60,4.00
2007.11.08 23:00:55.796,2.37335,2.37435,5.20,4.00
2007.11.08 23:00:56.018,2.37335,2.37445,5.20,4.00
2007.11.08 23:00:56.241,2.37335,2.37445,5.20,4.00
2007.11.08 23:00:56.464,2.37335,2.37445,5.20,4.00
2007.11.08 23:00:56.769,2.37335,2.37445,1.60,4.00
2007.11.08 23:00:56.994,2.37365,2.37435,8.00,4.00
2007.11.08 23:00:57.126,2.37365,2.37435,8.00,4.00
2007.11.08 23:00:57.259,2.37365,2.37435,8.00,4.00
2007.11.08 23:00:57.392,2.37365,2.37435,8.00,4.00
2007.11.08 23:00:57.531,2.37365,2.37435,8.00,4.00
2007.11.08 23:00:57.656,2.37365,2.37435,8.00,4.00
2007.11.08 23:00:57.790,2.37365,2.37435,8.00,4.00
2007.11.08 23:00:57.923,2.37365,2.37435,8.00,4.00
2007.11.08 23:00:58.256,2.37365,2.37435,8.00,4.00
2007.11.08 23:00:58.589,2.37365,2.37435,8.00,4.00
2007.11.08 23:00:58.922,2.37365,2.37435,8.00,4.00
2007.11.08 23:00:59.255,2.37365,2.37425,8.00,4.00
2007.11.08 23:00:59.588,2.37335,2.37425,1.60,4.00
2007.11.08 23:00:59.925,2.37335,2.37425,1.60,4.00
2007.11.08 23:01:00.257,2.37335,2.37425,1.60,4.00
2007.11.08 23:01:00.591,2.37335,2.37425,1.60,4.00
2007.11.08 23:01:00.924,2.37335,2.37425,1.60,4.00
2007.11.08 23:01:00.996,2.37335,2.37425,1.60,4.00
2007.11.08 23:01:01.069,2.37335,2.37425,1.60,4.00
2007.11.08 23:01:01.142,2.37335,2.37425,1.60,4.00
2007.11.08 23:01:01.215,2.37335,2.37425,1.60,4.00
2007.11.08 23:01:01.288,2.37335,2.37425,1.60,4.00
2007.11.08 23:01:01.360,2.37335,2.37425,1.60,4.00
2007.11.08 23:01:01.433,2.37335,2.37425,1.60,4.00
2007.11.08 23:01:01.505,2.37335,2.37425,1.60,4.00
2007.11.08 23:01:01.577,2.37335,2.37425,1.60,4.00
2007.11.08 23:01:01.651,2.37335,2.37425,1.60,4.00
2007.11.08 23:01:01.724,2.37335,2.37425,1.60,4.00
2007.11.08 23:01:01.797,2.37335,2.37425,1.60,4.00
2007.11.08 23:01:01.869,2.37335,2.37425,1.60,4.00
2007.11.08 23:01:01.942,2.37335,2.37425,1.60,4.00
2007.11.08 23:01:02.275,2.37335,2.37425,1.60,4.00
2007.11.08 23:01:02.607,2.37335,2.37425,1.60,4.00
2007.11.08 23:01:02.940,2.37335,2.37425,1.60,4.00
2007.11.08 23:01:03.273,2.37335,2.37425,1.60,4.00
2007.11.08 23:01:03.320,2.37335,2.37425,1.60,4.00
2007.11.08 23:01:03.368,2.37335,2.37425,1.60,4.00
2007.11.08 23:01:03.415,2.37335,2.37425,1.60,4.00
2007.11.08 23:01:03.463,2.37335,2.37425,1.60,4.00
2007.11.08 23:01:03.511,2.37335,2.37425,1.60,4.00
2007.11.08 23:01:03.559,2.37335,2.37425,1.60,4.00
2007.11.08 23:01:03.607,2.37335,2.37425,1.60,4.00
2007.11.08 23:01:03.654,2.37335,2.37425,1.60,4.00
2007.11.08 23:01:03.701,2.37335,2.37425,1.60,4.00
2007.11.08 23:01:03.750,2.37335,2.37425,1.60,4.00
2007.11.08 23:01:03.799,2.37335,2.37425,1.60,4.00
2007.11.08 23:01:03.848,2.37335,2.37425,1.60,4.00
2007.11.08 23:01:03.895,2.37335,2.37425,1.60,4.00
2007.11.08 23:01:03.943,2.37335,2.37425,1.60,4.00
2007.11.08 23:01:03.990,2.37335,2.37425,1.60,4.00
2007.11.08 23:01:04.323,2.37335,2.37425,1.60,4.00
2007.11.08 23:01:04.655,2.37335,2.37425,1.60,4.00
2007.11.08 23:01:04.987,2.37335,2.37425,1.60,4.00
2007.11.08 23:01:05.056,2.37335,2.37425,1.60,4.00
2007.11.08 23:01:05.125,2.37335,2.37425,1.60,4.00
2007.11.08 23:01:05.192,2.37335,2.37425,1.60,4.00
2007.11.08 23:01:05.260,2.37335,2.37425,1.60,4.00
2007.11.08 23:01:05.328,2.37335,2.37425,1.60,4.00
2007.11.08 23:01:05.396,2.37335,2.37425,1.60,4.00
2007.11.08 23:01:05.465,2.37335,2.37425,1.60,4.00
2007.11.08 23:01:05.533,2.37335,2.37425,1.60,4.00
2007.11.08 23:01:05.601,2.37335,2.37425,1.60,4.00
2007.11.08 23:01:05.668,2.37335,2.37425,1.60,4.00
2007.11.08 23:01:05.736,2.37335,2.37425,1.60,4.00
2007.11.08 23:01:05.805,2.37335,2.37425,1.60,4.00
2007.11.08 23:01:05.873,2.37335,2.37425,1.60,4.00
2007.11.08 23:01:05.940,2.37335,2.37425,1.60,4.00
2007.11.08 23:01:06.007,2.37335,2.37425,1.60,4.00
2007.11.08 23:01:06.235,2.37335,2.37425,1.60,4.00
2007.11.08 23:01:06.463,2.37335,2.37425,1.60,4.00
2007.11.08 23:01:06.690,2.37335,2.37425,1.60,4.00
2007.11.08 23:01:06.919,2.37335,2.37425,1.60,4.00
2007.11.08 23:01:07.147,2.37335,2.37425,1.60,4.00
2007.11.08 23:01:07.480,2.37335,2.37425,1.60,4.00
2007.11.08 23:01:07.812,2.37335,2.37425,1.60,4.00
2007.11.08 23:01:08.144,2.37335,2.37425,1.60,4.00
2007.11.08 23:01:08.476,2.37335,2.37425,1.60,4.00
2007.11.08 23:01:08.558,2.37335,2.37425,1.60,4.00
2007.11.08 23:01:08.642,2.37335,2.37425,1.60,4.00
2007.11.08 23:01:08.724,2.37335,2.37425,1.60,4.00
2007.11.08 23:01:08.806,2.37335,2.37425,1.60,4.00
2007.11.08 23:01:08.890,2.37335,2.37425,1.60,4.00
2007.11.08 23:01:09.104,2.37335,2.37425,1.60,4.00
2007.11.08 23:01:09.189,2.37335,2.37425,1.60,4.00
2007.11.08 23:01:09.272,2.37335,2.37425,1.60,4.00
2007.11.08 23:01:09.604,2.37335,2.37425,1.60,4.00
2007.11.08 23:01:09.937,2.37335,2.37425,1.60,4.00
2007.11.08 23:01:10.269,2.37335,2.37425,1.60,4.00
2007.11.08 23:01:10.322,2.37335,2.37425,1.60,4.00
2007.11.08 23:01:10.375,2.37335,2.37425,1.60,4.00
2007.11.08 23:01:10.427,2.37335,2.37425,1.60,4.00
2007.11.08 23:01:10.479,2.37335,2.37425,1.60,4.00
2007.11.08 23:01:10.532,2.37335,2.37425,1.60,4.00
2007.11.08 23:01:10.585,2.37335,2.37425,1.60,4.00
2007.11.08 23:01:10.637,2.37335,2.37425,1.60,4.00
2007.11.08 23:01:10.690,2.37335,2.37425,1.60,4.00
2007.11.08 23:01:10.743,2.37335,2.37425,1.60,4.00
2007.11.08 23:01:10.797,2.37335,2.37425,1.60,4.00
2007.11.08 23:01:10.851,2.37335,2.37425,1.60,4.00
2007.11.08 23:01:10.903,2.37335,2.37425,1.60,4.00
2007.11.08 23:01:10.955,2.37335,2.37425,1.60,4.00
2007.11.08 23:01:11.008,2.37335,2.37425,1.60,4.00
2007.11.08 23:01:11.061,2.37335,2.37425,1.60,4.00
2007.11.08 23:01:11.117,2.37335,2.37425,1.60,4.00
2007.11.08 23:01:11.170,2.37335,2.37425,1.60,4.00
2007.11.08 23:01:11.222,2.37335,2.37425,1.60,4.00
2007.11.08 23:01:11.490,2.37335,2.37425,1.60,4.00
2007.11.08 23:01:11.757,2.37335,2.37425,1.60,4.00
2007.11.08 23:01:12.025,2.37335,2.37425,1.60,4.00
2007.11.08 23:01:12.293,2.37335,2.37425,1.60,4.00
2007.11.08 23:01:12.625,2.37335,2.37425,1.60,4.00
2007.11.08 23:01:12.959,2.37335,2.37425,1.60,4.00
2007.11.08 23:01:13.309,2.37335,2.37425,1.60,4.00
2007.11.08 23:01:13.641,2.37335,2.37425,1.60,4.00
2007.11.08 23:01:13.974,2.37335,2.37425,1.60,4.00
2007.11.08 23:01:14.307,2.37335,2.37425,1.60,4.00
2007.11.08 23:01:14.640,2.37335,2.37425,1.60,4.00
2007.11.08 23:01:14.883,2.37335,2.37425,1.60,4.00
2007.11.08 23:01:15.273,2.37335,2.37425,1.60,4.00
2007.11.08 23:01:15.516,2.37335,2.37425,1.60,4.00
2007.11.08 23:01:15.608,2.37335,2.37425,1.60,4.00
2007.11.08 23:01:15.700,2.37335,2.37425,1.60,4.00
2007.11.08 23:01:15.794,2.37335,2.37425,1.60,4.00
2007.11.08 23:01:15.886,2.37335,2.37425,1.60,4.00
2007.11.08 23:01:15.981,2.37335,2.37425,1.60,4.00
2007.11.08 23:01:16.073,2.37335,2.37425,1.60,4.00
2007.11.08 23:01:16.166,2.37335,2.37425,1.60,4.00
2007.11.08 23:01:16.258,2.37335,2.37425,1.60,4.00
2007.11.08 23:01:16.350,2.37335,2.37425,1.60,4.00
2007.11.08 23:01:16.499,2.37335,2.37425,1.60,4.00
2007.11.08 23:01:16.646,2.37335,2.37425,1.60,4.00
2007.11.08 23:01:16.799,2.37335,2.37425,1.60,4.00
2007.11.08 23:01:16.948,2.37335,2.37425,1.60,4.00
2007.11.08 23:01:17.095,2.37335,2.37425,1.60,4.00
2007.11.08 23:01:17.243,2.37335,2.37425,1.60,4.00
2007.11.08 23:01:17.390,2.37335,2.37425,1.60,4.00
2007.11.08 23:01:17.539,2.37335,2.37425,1.60,4.00
2007.11.08 23:01:17.872,2.37335,2.37425,1.60,4.00
2007.11.08 23:01:18.204,2.37335,2.37425,1.60,4.00
2007.11.08 23:01:18.538,2.37335,2.37425,1.60,4.00
2007.11.08 23:01:18.871,2.37335,2.37425,1.60,4.00
2007.11.08 23:01:19.204,2.37335,2.37425,1.60,4.00
2007.11.08 23:01:19.536,2.37335,2.37425,1.60,4.00
2007.11.08 23:01:19.870,2.37335,2.37425,1.60,4.00
2007.11.08 23:01:20.202,2.37335,2.37425,1.60,4.00
2007.11.08 23:01:20.535,2.37335,2.37425,1.60,4.00
2007.11.08 23:01:20.867,2.37335,2.37425,1.60,4.00
2007.11.08 23:01:20.911,2.37335,2.37425,1.60,4.00
2007.11.08 23:01:20.953,2.37335,2.37425,1.60,4.00
2007.11.08 23:01:20.995,2.37335,2.37425,1.60,4.00
2007.11.08 23:01:21.038,2.37335,2.37425,1.60,4.00
2007.11.08 23:01:21.081,2.37335,2.37425,1.60,4.00
2007.11.08 23:01:21.125,2.37335,2.37425,1.60,4.00
2007.11.08 23:01:21.168,2.37335,2.37425,1.60,4.00
2007.11.08 23:01:21.211,2.37335,2.37425,1.60,4.00
2007.11.08 23:01:21.253,2.37335,2.37425,1.60,4.00
2007.11.08 23:01:21.440,2.37335,2.37425,1.60,4.00
2007.11.08 23:01:21.482,2.37335,2.37425,1.60,4.00
2007.11.08 23:01:21.524,2.37335,2.37425,1.60,4.00
2007.11.08 23:01:21.567,2.37335,2.37425,1.60,4.00
2007.11.08 23:01:21.857,2.37335,2.37425,1.60,4.00
2007.11.08 23:01:22.089,2.37335,2.37425,1.60,4.00
2007.11.08 23:01:22.321,2.37335,2.37425,1.60,4.00
2007.11.08 23:01:22.555,2.37335,2.37425,1.60,4.00
2007.11.08 23:01:22.787,2.37335,2.37425,1.60,4.00
2007.11.08 23:01:23.120,2.37335,2.37425,1.60,4.00
2007.11.08 23:01:23.453,2.37335,2.37425,1.60,4.00
2007.11.08 23:01:23.786,2.37335,2.37425,1.60,4.00
2007.11.08 23:01:24.119,2.37335,2.37425,1.60,4.00
2007.11.08 23:01:24.452,2.37335,2.37425,1.60,4.00
2007.11.08 23:01:24.784,2.37335,2.37425,1.60,4.00
2007.11.08 23:01:25.116,2.37335,2.37425,1.60,4.00
2007.11.08 23:01:25.175,2.37335,2.37425,1.60,4.00
2007.11.08 23:01:25.232,2.37335,2.37425,1.60,4.00
2007.11.08 23:01:25.290,2.37335,2.37425,1.60,4.00
2007.11.08 23:01:25.347,2.37335,2.37425,1.60,4.00
2007.11.08 23:01:25.406,2.37335,2.37425,1.60,4.00
2007.11.08 23:01:25.463,2.37335,2.37425,1.60,4.00
2007.11.08 23:01:25.520,2.37335,2.37425,1.60,4.00
2007.11.08 23:01:25.577,2.37335,2.37425,1.60,4.00
2007.11.08 23:01:25.635,2.37335,2.37425,1.60,4.00
2007.11.08 23:01:25.693,2.37335,2.37425,1.60,4.00
2007.11.08 23:01:25.750,2.37335,2.37425,1.60,4.00
2007.11.08 23:01:25.807,2.37335,2.37425,1.60,4.00
2007.11.08 23:01:26.025,2.37335,2.37425,1.60,4.00
2007.11.08 23:01:26.241,2.37335,2.37425,1.60,4.00
2007.11.08 23:01:26.460,2.37335,2.37425,1.60,4.00
2007.11.08 23:01:26.678,2.37335,2.37425,1.60,4.00
2007.11.08 23:01:26.896,2.37335,2.37425,1.60,4.00
2007.11.08 23:01:26.984,2.37335,2.37425,1.60,4.00
2007.11.08 23:01:27.071,2.37335,2.37425,1.60,4.00
2007.11.08 23:01:27.160,2.37335,2.37425,1.60,4.00
2007.11.08 23:01:27.247,2.37335,2.37425,1.60,4.00
2007.11.08 23:01:27.335,2.37335,2.37425,1.60,4.00
2007.11.08 23:01:27.423,2.37335,2.37425,1.60,4.00
2007.11.08 23:01:27.611,2.37335,2.37425,1.60,4.00
2007.11.08 23:01:27.698,2.37335,2.37425,1.60,4.00
2007.11.08 23:01:27.786,2.37335,2.37425,1.60,4.00
2007.11.08 23:01:27.872,2.37335,2.37425,1.60,4.00
2007.11.08 23:01:27.960,2.37335,2.37425,1.60,4.00
2007.11.08 23:01:28.294,2.37335,2.37425,1.60,4.00
2007.11.08 23:01:28.632,2.37335,2.37425,1.60,4.00
2007.11.08 23:01:28.965,2.37335,2.37425,1.60,4.00
2007.11.08 23:01:29.298,2.37335,2.37425,0.80,4.00
2007.11.08 23:01:47.526,2.37325,2.37415,14.20,8.80
2007.11.08 23:01:47.827,2.37325,2.37415,14.20,8.80
2007.11.08 23:01:48.137,2.37325,2.37415,14.20,8.80
2007.11.08 23:01:48.469,2.37325,2.37415,14.20,4.00
2007.11.08 23:01:48.803,2.37335,2.37425,0.80,4.80
2007.11.08 23:01:49.135,2.37325,2.37415,14.20,8.80
2007.11.08 23:01:49.468,2.37335,2.37415,0.60,8.80
2007.11.08 23:01:49.802,2.37335,2.37415,0.90,8.80
2007.11.08 23:01:50.134,2.37325,2.37415,14.20,8.80
2007.11.08 23:01:50.466,2.37325,2.37415,14.20,8.80
2007.11.08 23:01:50.798,2.37335,2.37415,0.90,8.80
2007.11.08 23:01:51.131,2.37325,2.37415,14.20,8.80
2007.11.08 23:01:51.224,2.37325,2.37415,14.20,8.80
2007.11.08 23:01:51.316,2.37335,2.37415,1.20,8.80
2007.11.08 23:01:51.408,2.37325,2.37415,14.20,8.80
2007.11.08 23:01:51.501,2.37335,2.37415,1.10,8.80
2007.11.08 23:01:51.600,2.37335,2.37415,1.20,8.80
2007.11.08 23:01:51.686,2.37325,2.37415,14.20,8.80
2007.11.08 23:01:51.780,2.37335,2.37415,0.60,8.80
2007.11.08 23:01:51.873,2.37325,2.37415,14.20,8.80
2007.11.08 23:01:52.017,2.37325,2.37415,14.20,8.80
2007.11.08 23:01:52.350,2.37325,2.37415,14.20,8.80
2007.11.08 23:01:52.683,2.37325,2.37415,14.20,8.80
2007.11.08 23:01:53.015,2.37335,2.37415,0.60,8.80
2007.11.08 23:01:53.347,2.37325,2.37415,14.20,8.80
2007.11.08 23:01:53.680,2.37325,2.37415,14.20,8.80
2007.11.08 23:01:54.013,2.37325,2.37415,14.20,8.80
2007.11.08 23:01:54.345,2.37325,2.37415,14.20,8.80
2007.11.08 23:01:54.678,2.37325,2.37415,14.20,8.80
2007.11.08 23:01:55.011,2.37325,2.37415,14.20,8.80
2007.11.08 23:01:55.343,2.37325,2.37415,14.20,8.80
2007.11.08 23:01:55.391,2.37325,2.37415,14.20,8.80
2007.11.08 23:01:55.440,2.37335,2.37415,0.50,8.80
2007.11.08 23:01:55.488,2.37325,2.37415,14.20,8.80
2007.11.08 23:01:55.535,2.37325,2.37415,14.20,8.80
2007.11.08 23:01:55.583,2.37335,2.37415,0.50,8.80
2007.11.08 23:01:55.631,2.37335,2.37415,0.80,8.80
2007.11.08 23:01:55.679,2.37335,2.37415,0.70,8.80
2007.11.08 23:01:55.727,2.37325,2.37415,14.20,8.80
2007.11.08 23:01:55.774,2.37335,2.37415,1.00,8.80
2007.11.08 23:01:55.821,2.37335,2.37415,0.80,8.80
2007.11.08 23:01:55.868,2.37335,2.37415,0.70,8.80
2007.11.08 23:01:55.916,2.37335,2.37415,1.10,8.80
2007.11.08 23:01:55.964,2.37325,2.37415,14.20,8.80
2007.11.08 23:01:56.012,2.37335,2.37415,1.00,8.80
2007.11.08 23:01:56.059,2.37325,2.37415,14.20,8.80
2007.11.08 23:01:56.282,2.37335,2.37415,0.60,8.80
2007.11.08 23:01:56.504,2.37325,2.37415,14.20,8.80
2007.11.08 23:01:56.727,2.37325,2.37415,14.20,8.80
2007.11.08 23:01:56.982,2.37325,2.37415,14.20,8.80
2007.11.08 23:01:57.202,2.37325,2.37415,14.20,8.80
2007.11.08 23:01:57.535,2.37325,2.37415,14.20,8.80
2007.11.08 23:01:57.868,2.37325,2.37415,14.20,8.80
2007.11.08 23:01:58.201,2.37325,2.37415,14.20,8.80
2007.11.08 23:01:58.265,2.37335,2.37415,1.00,8.80
2007.11.08 23:01:58.485,2.37335,2.37415,1.10,8.80
2007.11.08 23:01:58.547,2.37325,2.37415,14.20,8.80
2007.11.08 23:01:58.611,2.37325,2.37415,14.20,8.80
2007.11.08 23:01:58.674,2.37325,2.37415,14.20,8.80
2007.11.08 23:01:58.736,2.37325,2.37415,14.20,8.80
2007.11.08 23:01:58.798,2.37335,2.37415,0.90,8.80
2007.11.08 23:01:58.861,2.37335,2.37415,0.90,8.80
2007.11.08 23:01:58.924,2.37325,2.37415,14.20,8.80
2007.11.08 23:01:58.987,2.37325,2.37415,14.20,8.80
2007.11.08 23:01:59.050,2.37325,2.37415,14.20,8.80
2007.11.08 23:01:59.113,2.37325,2.37415,14.20,8.80
2007.11.08 23:01:59.176,2.37335,2.37415,1.00,8.80
2007.11.08 23:01:59.239,2.37335,2.37415,1.10,8.80
2007.11.08 23:01:59.571,2.37325,2.37415,14.20,8.80
2007.11.08 23:01:59.905,2.37335,2.37415,1.60,8.80
2007.11.08 23:02:00.237,2.37325,2.37405,8.00,3.80
2007.11.08 23:02:00.570,2.37315,2.37405,0.80,6.20
2007.11.08 23:02:00.904,2.37315,2.37375,0.80,4.00
2007.11.08 23:02:01.237,2.37315,2.37375,0.80,4.00
2007.11.08 23:02:01.370,2.37315,2.37375,0.80,4.00
2007.11.08 23:02:01.503,2.37315,2.37375,0.80,4.00
2007.11.08 23:02:01.636,2.37315,2.37375,0.80,4.00
2007.11.08 23:02:01.769,2.37315,2.37375,0.80,4.00
2007.11.08 23:02:01.901,2.37315,2.37375,0.80,4.00
2007.11.08 23:02:02.034,2.37315,2.37375,0.80,4.00
2007.11.08 23:02:02.167,2.37315,2.37375,0.80,4.80
2007.11.08 23:02:02.300,2.37315,2.37375,0.80,4.80
2007.11.08 23:02:02.633,2.37315,2.37375,0.80,4.80
2007.11.08 23:02:02.966,2.37315,2.37375,0.80,4.80
2007.11.08 23:02:03.298,2.37315,2.37375,0.80,4.80
2007.11.08 23:02:03.361,2.37315,2.37375,0.80,4.80
2007.11.08 23:02:03.424,2.37315,2.37375,0.80,4.80
2007.11.08 23:02:03.487,2.37315,2.37375,0.80,4.80
2007.11.08 23:02:03.550,2.37315,2.37375,0.80,4.80
2007.11.08 23:02:03.612,2.37315,2.37375,0.80,4.80
2007.11.08 23:02:03.674,2.37315,2.37375,0.80,4.80
2007.11.08 23:02:03.737,2.37315,2.37375,0.80,4.80
2007.11.08 23:02:03.800,2.37315,2.37375,0.80,4.80
2007.11.08 23:02:03.863,2.37315,2.37375,0.80,4.80
2007.11.08 23:02:03.925,2.37315,2.37375,0.80,4.80
2007.11.08 23:02:03.988,2.37315,2.37375,0.80,4.80
2007.11.08 23:02:04.051,2.37315,2.37375,0.80,4.80
2007.11.08 23:02:04.114,2.37315,2.37375,0.80,4.80
2007.11.08 23:02:04.176,2.37315,2.37375,0.80,4.80
2007.11.08 23:02:04.239,2.37315,2.37375,0.80,4.80
2007.11.08 23:02:04.302,2.37315,2.37375,0.80,4.80
2007.11.08 23:02:04.656,2.37315,2.37375,0.80,4.80
2007.11.08 23:02:04.989,2.37315,2.37375,0.80,4.80
2007.11.08 23:02:05.322,2.37315,2.37375,0.80,4.80
2007.11.08 23:02:05.654,2.37315,2.37375,0.80,4.80
2007.11.08 23:02:05.711,2.37315,2.37375,0.80,4.80
2007.11.08 23:02:05.770,2.37315,2.37375,1.60,4.00
2007.11.08 23:02:05.828,2.37315,2.37375,1.60,4.00
2007.11.08 23:02:05.886,2.37325,2.37395,8.00,4.00
2007.11.08 23:02:05.943,2.37325,2.37395,8.00,4.00
2007.11.08 23:02:06.002,2.37325,2.37405,8.00,0.80
2007.11.08 23:02:06.060,2.37325,2.37405,8.00,0.80
2007.11.08 23:02:06.118,2.37325,2.37405,8.00,0.80
2007.11.08 23:02:06.176,2.37325,2.37405,8.00,0.80
2007.11.08 23:02:06.240,2.37325,2.37405,8.00,0.80
2007.11.08 23:02:06.299,2.37325,2.37415,8.00,4.80
2007.11.08 23:02:06.357,2.37325,2.37415,8.00,4.80
2007.11.08 23:02:06.414,2.37325,2.37415,8.00,4.80
2007.11.08 23:02:06.747,2.37325,2.37415,8.00,4.80
2007.11.08 23:02:07.080,2.37325,2.37415,8.00,4.80
2007.11.08 23:02:07.413,2.37325,2.37415,8.00,4.80
2007.11.08 23:02:07.746,2.37325,2.37415,8.00,4.00
2007.11.08 23:02:08.078,2.37325,2.37415,8.00,4.00
2007.11.08 23:02:08.410,2.37325,2.37415,8.00,4.00
2007.11.08 23:02:08.742,2.37325,2.37415,8.00,4.00
2007.11.08 23:02:09.074,2.37325,2.37415,8.00,4.00
2007.11.08 23:02:09.407,2.37325,2.37415,8.00,4.00
2007.11.08 23:02:09.469,2.37325,2.37415,8.00,4.00
2007.11.08 23:02:09.551,2.37325,2.37415,8.00,4.00
2007.11.08 23:02:09.613,2.37325,2.37415,8.00,4.00
2007.11.08 23:02:09.676,2.37325,2.37415,8.00,4.00
2007.11.08 23:02:09.738,2.37325,2.37415,8.00,4.00
2007.11.08 23:02:09.801,2.37325,2.37415,8.00,4.00
2007.11.08 23:02:09.870,2.37325,2.37415,8.00,4.00
2007.11.08 23:02:09.925,2.37325,2.37415,8.00,4.00
2007.11.08 23:02:09.987,2.37325,2.37415,8.00,4.00
2007.11.08 23:02:10.051,2.37325,2.37415,8.00,4.00
2007.11.08 23:02:10.113,2.37325,2.37415,8.00,4.00
2007.11.08 23:02:10.175,2.37325,2.37415,8.00,4.00
2007.11.08 23:02:10.238,2.37325,2.37415,8.00,4.00
2007.11.08 23:02:10.301,2.37325,2.37415,8.00,4.00
2007.11.08 23:02:10.364,2.37325,2.37415,8.00,4.00
2007.11.08 23:02:10.426,2.37325,2.37415,8.00,4.00
2007.11.08 23:02:10.821,2.37325,2.37415,8.00,4.00
2007.11.08 23:02:11.154,2.37325,2.37415,8.00,4.00
2007.11.08 23:02:11.486,2.37325,2.37415,8.00,4.00
2007.11.08 23:02:11.569,2.37325,2.37415,8.00,4.00
2007.11.08 23:02:11.651,2.37325,2.37415,8.00,4.00
2007.11.08 23:02:11.733,2.37325,2.37415,8.00,4.00
2007.11.08 23:02:11.818,2.37325,2.37415,8.00,4.00
2007.11.08 23:02:11.900,2.37325,2.37415,8.00,4.00
2007.11.08 23:02:12.018,2.37325,2.37415,8.00,4.00
2007.11.08 23:02:12.101,2.37325,2.37415,8.00,4.00
2007.11.08 23:02:12.183,2.37325,2.37415,8.00,4.00
2007.11.08 23:02:12.268,2.37325,2.37415,8.00,4.00
2007.11.08 23:02:12.350,2.37325,2.37415,8.00,4.00
2007.11.08 23:02:12.436,2.37325,2.37415,8.00,4.00
2007.11.08 23:02:12.518,2.37325,2.37415,8.00,4.00
2007.11.08 23:02:12.599,2.37325,2.37415,8.00,4.00
2007.11.08 23:02:12.931,2.37325,2.37415,8.00,4.00
2007.11.08 23:02:13.279,2.37325,2.37415,8.00,4.00
2007.11.08 23:02:13.620,2.37325,2.37415,8.00,4.00
2007.11.08 23:02:13.946,2.37345,2.37415,8.00,4.00
2007.11.08 23:02:14.287,2.37345,2.37425,8.00,4.00
2007.11.08 23:02:14.613,2.37345,2.37425,8.00,4.00
2007.11.08 23:02:14.760,2.37345,2.37425,8.00,4.00
2007.11.08 23:02:14.907,2.37345,2.37425,8.00,4.00
2007.11.08 23:02:15.057,2.37345,2.37425,8.00,4.00
2007.11.08 23:02:15.204,2.37345,2.37425,8.00,4.00
2007.11.08 23:02:15.351,2.37345,2.37425,8.00,4.00
2007.11.08 23:02:15.500,2.37345,2.37425,8.00,4.00
2007.11.08 23:02:15.647,2.37345,2.37425,8.00,4.00
2007.11.08 23:02:15.791,2.37345,2.37425,8.00,4.00
2007.11.08 23:02:15.928,2.37345,2.37425,8.00,4.00
2007.11.08 23:02:16.068,2.37345,2.37425,8.00,4.00
2007.11.08 23:02:16.206,2.37345,2.37425,8.00,4.00
2007.11.08 23:02:16.344,2.37345,2.37425,8.00,4.00
2007.11.08 23:02:16.482,2.37345,2.37425,8.00,4.00
2007.11.08 23:02:16.619,2.37345,2.37425,8.00,4.00
2007.11.08 23:02:16.767,2.37345,2.37425,8.00,4.00
2007.11.08 23:02:17.013,2.37345,2.37425,8.00,4.00
2007.11.08 23:02:17.158,2.37345,2.37425,8.00,4.00
2007.11.08 23:02:17.307,2.37345,2.37425,8.00,4.00
2007.11.08 23:02:17.454,2.37345,2.37425,8.00,4.00
2007.11.08 23:02:17.603,2.37345,2.37425,8.00,4.00
2007.11.08 23:02:17.936,2.37345,2.37425,8.00,4.00
2007.11.08 23:02:18.279,2.37345,2.37425,8.00,4.00
2007.11.08 23:02:18.612,2.37345,2.37425,8.00,4.00
2007.11.08 23:02:18.944,2.37345,2.37425,8.00,4.00
2007.11.08 23:02:19.278,2.37345,2.37425,8.00,4.00
2007.11.08 23:02:19.646,2.37345,2.37425,8.00,4.00
2007.11.08 23:02:19.889,2.37345,2.37425,8.00,4.00
2007.11.08 23:02:20.132,2.37345,2.37425,8.00,4.00
2007.11.08 23:02:20.374,2.37345,2.37425,8.00,4.00
2007.11.08 23:02:20.617,2.37345,2.37425,8.00,4.00
2007.11.08 23:02:20.860,2.37345,2.37425,8.00,4.00
2007.11.08 23:02:21.193,2.37345,2.37425,8.00,4.00
2007.11.08 23:02:21.525,2.37345,2.37425,8.00,4.00
2007.11.08 23:02:21.858,2.37345,2.37425,8.00,4.00
2007.11.08 23:02:21.941,2.37345,2.37425,8.00,4.00
2007.11.08 23:02:22.029,2.37345,2.37425,8.00,4.00
2007.11.08 23:02:22.111,2.37345,2.37425,8.00,4.00
2007.11.08 23:02:22.194,2.37345,2.37425,8.00,4.00
2007.11.08 23:02:22.277,2.37345,2.37425,8.00,4.00
2007.11.08 23:02:22.358,2.37345,2.37425,8.00,4.00
2007.11.08 23:02:22.442,2.37345,2.37425,8.00,4.00
2007.11.08 23:02:22.525,2.37345,2.37425,8.00,4.00
2007.11.08 23:02:22.607,2.37345,2.37425,8.00,4.00
2007.11.08 23:02:22.691,2.37345,2.37425,8.00,4.00
2007.11.08 23:02:22.773,2.37345,2.37425,8.00,4.00
2007.11.08 23:02:23.166,2.37345,2.37425,8.00,4.00
2007.11.08 23:02:23.499,2.37345,2.37425,8.00,4.00
2007.11.08 23:02:23.831,2.37345,2.37425,8.00,4.00
2007.11.08 23:02:24.164,2.37345,2.37425,8.00,4.00
2007.11.08 23:02:24.497,2.37345,2.37425,8.00,4.00
2007.11.08 23:02:24.836,2.37345,2.37425,8.00,4.00
2007.11.08 23:02:25.163,2.37345,2.37425,8.00,4.00
2007.11.08 23:02:25.206,2.37345,2.37425,8.00,4.00
2007.11.08 23:02:25.248,2.37345,2.37425,8.00,4.00
2007.11.08 23:02:25.290,2.37345,2.37425,8.00,4.00
2007.11.08 23:02:25.333,2.37345,2.37425,8.00,4.00
2007.11.08 23:02:25.378,2.37345,2.37425,8.00,4.00
2007.11.08 23:02:25.421,2.37345,2.37425,8.00,4.00
2007.11.08 23:02:25.464,2.37345,2.37425,8.00,4.00
2007.11.08 23:02:25.506,2.37345,2.37425,8.00,4.00
2007.11.08 23:02:25.548,2.37345,2.37425,8.00,4.00
2007.11.08 23:02:25.590,2.37345,2.37425,8.00,4.00
2007.11.08 23:02:25.639,2.37345,2.37425,8.00,4.00
2007.11.08 23:02:25.677,2.37345,2.37425,8.00,4.00
2007.11.08 23:02:25.720,2.37345,2.37425,8.00,4.00
2007.11.08 23:02:25.762,2.37345,2.37425,8.00,4.00
2007.11.08 23:02:25.804,2.37345,2.37425,8.00,4.00
2007.11.08 23:02:25.848,2.37345,2.37425,8.00,4.00
2007.11.08 23:02:25.890,2.37345,2.37425,8.00,4.00
2007.11.08 23:02:26.223,2.37345,2.37425,8.00,4.00
2007.11.08 23:02:26.557,2.37345,2.37425,8.00,4.00
2007.11.08 23:02:26.890,2.37335,2.37395,0.80,4.00
2007.11.08 23:02:27.030,2.37335,2.37395,0.80,4.00
2007.11.08 23:02:27.107,2.37335,2.37395,0.80,4.00
2007.11.08 23:02:27.186,2.37335,2.37395,0.80,4.00
2007.11.08 23:02:27.265,2.37335,2.37395,0.80,4.00
2007.11.08 23:02:27.343,2.37335,2.37395,0.80,4.00
2007.11.08 23:02:27.420,2.37335,2.37395,0.80,4.00
2007.11.08 23:02:27.498,2.37335,2.37395,0.80,4.00
2007.11.08 23:02:27.576,2.37335,2.37395,0.80,4.00
2007.11.08 23:02:27.653,2.37335,2.37395,0.80,4.00
2007.11.08 23:02:27.731,2.37335,2.37395,0.80,4.00
2007.11.08 23:02:27.810,2.37335,2.37395,0.80,4.00
2007.11.08 23:02:27.887,2.37335,2.37395,0.80,4.00
2007.11.08 23:02:28.219,2.37335,2.37395,0.80,4.00
2007.11.08 23:02:28.551,2.37335,2.37395,0.80,4.00
2007.11.08 23:02:28.891,2.37335,2.37395,0.80,4.80
2007.11.08 23:02:29.332,2.37335,2.37425,1.60,4.00
2007.11.08 23:02:29.665,2.37335,2.37425,1.60,4.00
2007.11.08 23:02:29.996,2.37335,2.37425,1.60,4.00
2007.11.08 23:02:30.329,2.37335,2.37425,1.60,4.00
2007.11.08 23:02:30.663,2.37335,2.37425,1.60,4.00
2007.11.08 23:02:30.995,2.37335,2.37425,1.60,4.00
2007.11.08 23:02:31.173,2.37335,2.37435,1.60,12.80
2007.11.08 23:02:31.328,2.37335,2.37425,1.60,4.00
2007.11.08 23:02:31.431,2.37335,2.37425,1.60,4.00
2007.11.08 23:02:31.533,2.37335,2.37425,1.60,4.00
2007.11.08 23:02:31.636,2.37335,2.37425,1.60,4.00
2007.11.08 23:02:31.739,2.37335,2.37425,1.60,4.00
2007.11.08 23:02:31.843,2.37335,2.37425,4.00,4.00
2007.11.08 23:02:31.945,2.37335,2.37425,4.00,4.00
2007.11.08 23:02:32.048,2.37335,2.37425,4.00,4.00
2007.11.08 23:02:32.380,2.37355,2.37435,1.60,12.80
2007.11.08 23:02:32.714,2.37355,2.37435,1.60,4.80
2007.11.08 23:02:33.046,2.37355,2.37435,1.60,4.80
2007.11.08 23:02:33.379,2.37355,2.37435,1.60,4.80
2007.11.08 23:02:33.712,2.37355,2.37435,1.60,4.80
2007.11.08 23:02:34.045,2.37355,2.37435,1.60,4.80
2007.11.08 23:02:34.377,2.37355,2.37435,1.60,4.80
2007.11.08 23:02:34.710,2.37355,2.37435,0.80,4.80
2007.11.08 23:02:35.043,2.37355,2.37435,0.80,4.80
2007.11.08 23:02:35.496,2.37345,2.37435,8.00,4.80
2007.11.08 23:02:35.593,2.37345,2.37435,8.00,4.80
2007.11.08 23:02:35.693,2.37345,2.37435,8.00,4.80
2007.11.08 23:02:35.790,2.37345,2.37435,8.00,4.80
2007.11.08 23:02:35.888,2.37345,2.37435,8.00,4.80
2007.11.08 23:02:35.987,2.37345,2.37435,8.00,4.80
2007.11.08 23:02:36.091,2.37345,2.37435,8.00,4.80
2007.11.08 23:02:36.238,2.37345,2.37435,8.00,4.80
2007.11.08 23:02:36.385,2.37345,2.37435,8.00,4.80
2007.11.08 23:02:36.533,2.37345,2.37435,8.00,4.80
2007.11.08 23:02:36.681,2.37345,2.37435,8.00,4.80
2007.11.08 23:02:36.828,2.37345,2.37435,8.00,4.80
2007.11.08 23:02:37.003,2.37345,2.37435,8.00,4.80
2007.11.08 23:02:37.151,2.37345,2.37435,8.00,4.80
2007.11.08 23:02:37.485,2.37355,2.37415,1.60,4.00
2007.11.08 23:02:37.818,2.37355,2.37415,1.60,4.00
2007.11.08 23:02:38.152,2.37355,2.37415,2.10,4.00
2007.11.08 23:02:38.280,2.37355,2.37425,2.20,0.80
2007.11.08 23:02:38.408,2.37355,2.37425,2.20,0.80
2007.11.08 23:02:38.535,2.37355,2.37425,2.20,0.80
2007.11.08 23:02:38.662,2.37355,2.37425,2.20,0.80
2007.11.08 23:02:38.791,2.37355,2.37425,2.20,0.80
2007.11.08 23:02:38.919,2.37355,2.37425,2.20,0.80
2007.11.08 23:02:39.047,2.37355,2.37425,2.20,0.80
2007.11.08 23:02:39.175,2.37355,2.37425,1.70,0.80
2007.11.08 23:02:39.507,2.37335,2.37435,1.60,12.80
2007.11.08 23:02:39.848,2.37335,2.37435,1.60,12.80
2007.11.08 23:02:40.181,2.37335,2.37435,1.60,12.80
2007.11.08 23:02:40.513,2.37335,2.37435,1.60,12.80
2007.11.08 23:02:40.845,2.37335,2.37435,1.60,12.80
2007.11.08 23:02:41.179,2.37335,2.37415,1.60,0.80
2007.11.08 23:02:41.663,2.37335,2.37415,1.60,4.80
2007.11.08 23:02:41.759,2.37335,2.37415,1.60,4.80
2007.11.08 23:02:41.858,2.37335,2.37415,1.60,4.80
2007.11.08 23:02:41.955,2.37335,2.37415,1.60,4.80
2007.11.08 23:02:42.052,2.37335,2.37415,1.60,4.80
2007.11.08 23:02:42.151,2.37335,2.37415,1.60,4.80
2007.11.08 23:02:42.248,2.37335,2.37415,1.60,4.80
2007.11.08 23:02:42.581,2.37335,2.37415,1.60,4.80
2007.11.08 23:02:42.913,2.37335,2.37415,1.60,4.80
2007.11.08 23:02:43.246,2.37335,2.37415,1.60,4.80
2007.11.08 23:02:43.350,2.37335,2.37415,1.60,4.80
2007.11.08 23:02:43.452,2.37335,2.37415,1.60,4.80
2007.11.08 23:02:43.555,2.37335,2.37415,1.60,4.80
2007.11.08 23:02:43.658,2.37335,2.37415,1.60,4.80
2007.11.08 23:02:43.761,2.37335,2.37415,1.60,4.80
2007.11.08 23:02:43.864,2.37335,2.37415,1.60,4.80
2007.11.08 23:02:43.966,2.37335,2.37415,1.60,4.80
2007.11.08 23:02:44.075,2.37335,2.37415,1.60,4.80
2007.11.08 23:02:44.178,2.37335,2.37415,1.60,4.80
2007.11.08 23:02:44.281,2.37335,2.37415,1.60,4.80
2007.11.08 23:02:44.614,2.37335,2.37415,1.60,4.80
2007.11.08 23:02:44.947,2.37335,2.37415,1.60,4.80
2007.11.08 23:02:45.280,2.37335,2.37415,1.60,4.80
2007.11.08 23:02:45.613,2.37335,2.37415,1.60,4.80
2007.11.08 23:02:45.722,2.37335,2.37415,1.60,4.80
2007.11.08 23:02:45.824,2.37335,2.37415,1.60,4.80
2007.11.08 23:02:45.927,2.37335,2.37415,1.60,4.80
2007.11.08 23:02:46.031,2.37335,2.37415,1.60,4.80
2007.11.08 23:02:46.133,2.37335,2.37415,1.60,4.80
2007.11.08 23:02:46.236,2.37335,2.37415,1.60,4.80
2007.11.08 23:02:46.339,2.37335,2.37415,1.60,4.80
2007.11.08 23:02:46.498,2.37335,2.37415,1.60,4.80
2007.11.08 23:02:46.655,2.37335,2.37415,1.60,4.80
2007.11.08 23:02:46.812,2.37335,2.37415,1.60,4.80
2007.11.08 23:02:46.977,2.37335,2.37415,1.60,4.80
2007.11.08 23:02:47.134,2.37335,2.37415,1.60,4.80
2007.11.08 23:02:47.290,2.37335,2.37415,1.60,4.80
2007.11.08 23:02:47.449,2.37335,2.37415,1.60,4.80
2007.11.08 23:02:47.834,2.37335,2.37415,1.60,4.80
2007.11.08 23:02:48.167,2.37335,2.37415,1.60,4.80
2007.11.08 23:02:48.499,2.37335,2.37415,1.60,4.80
2007.11.08 23:02:48.831,2.37335,2.37415,1.60,4.80
2007.11.08 23:02:49.165,2.37335,2.37415,1.60,4.00
2007.11.08 23:02:49.497,2.37335,2.37415,1.60,0.80
2007.11.08 23:02:49.830,2.37335,2.37415,1.60,4.80
2007.11.08 23:02:50.161,2.37335,2.37415,1.60,4.80
2007.11.08 23:02:50.493,2.37335,2.37415,1.60,4.80
2007.11.08 23:02:50.825,2.37335,2.37415,1.60,4.80
2007.11.08 23:02:51.158,2.37335,2.37415,1.60,4.80
2007.11.08 23:02:51.490,2.37335,2.37415,1.60,4.80
2007.11.08 23:02:51.822,2.37335,2.37415,1.60,4.80
2007.11.08 23:02:51.905,2.37335,2.37415,1.60,4.80
2007.11.08 23:02:52.003,2.37335,2.37415,1.60,4.80
2007.11.08 23:02:52.080,2.37335,2.37415,1.60,4.80
2007.11.08 23:02:52.157,2.37335,2.37415,1.60,4.80
2007.11.08 23:02:52.235,2.37335,2.37415,1.60,4.80
2007.11.08 23:02:52.312,2.37335,2.37415,1.60,4.80
2007.11.08 23:02:52.391,2.37335,2.37415,1.60,4.80
2007.11.08 23:02:52.468,2.37335,2.37415,1.60,4.80
2007.11.08 23:02:52.548,2.37335,2.37415,1.60,4.80
2007.11.08 23:02:52.881,2.37335,2.37415,1.60,4.80
2007.11.08 23:02:53.213,2.37335,2.37415,1.60,4.80
2007.11.08 23:02:53.545,2.37335,2.37415,1.60,4.80
2007.11.08 23:02:54.002,2.37335,2.37415,5.60,4.80
2007.11.08 23:02:54.336,2.37335,2.37415,1.60,4.80
2007.11.08 23:02:54.676,2.37335,2.37415,1.60,4.80
2007.11.08 23:02:54.770,2.37335,2.37415,1.60,4.80
2007.11.08 23:02:54.873,2.37335,2.37415,1.60,4.80
2007.11.08 23:02:54.977,2.37335,2.37415,1.60,4.80
2007.11.08 23:02:55.079,2.37335,2.37415,1.60,4.80
2007.11.08 23:02:55.182,2.37335,2.37415,1.60,4.80
2007.11.08 23:02:55.286,2.37335,2.37415,1.60,4.80
2007.11.08 23:02:55.389,2.37335,2.37415,1.60,4.80
2007.11.08 23:02:55.492,2.37335,2.37415,1.60,4.80
2007.11.08 23:02:55.595,2.37335,2.37415,1.60,4.80
2007.11.08 23:02:55.697,2.37335,2.37415,1.60,4.80
2007.11.08 23:02:55.874,2.37335,2.37415,1.60,4.80
2007.11.08 23:02:56.051,2.37335,2.37415,1.60,4.80
2007.11.08 23:02:56.228,2.37335,2.37415,1.60,4.80
2007.11.08 23:02:56.406,2.37335,2.37415,1.60,4.80
2007.11.08 23:02:56.584,2.37335,2.37415,1.60,4.80
2007.11.08 23:02:56.762,2.37335,2.37415,1.60,4.80
2007.11.08 23:02:56.849,2.37335,2.37415,1.60,4.80
2007.11.08 23:02:56.936,2.37335,2.37415,1.60,4.80
2007.11.08 23:02:57.025,2.37335,2.37415,1.60,4.80
2007.11.08 23:02:57.111,2.37335,2.37415,1.60,4.80
2007.11.08 23:02:57.199,2.37335,2.37415,1.60,4.80
2007.11.08 23:02:57.287,2.37335,2.37415,1.60,4.80
2007.11.08 23:02:57.374,2.37335,2.37415,1.60,4.80
2007.11.08 23:02:57.463,2.37335,2.37415,1.60,4.80
2007.11.08 23:02:57.551,2.37335,2.37415,1.60,4.80
2007.11.08 23:02:57.638,2.37335,2.37415,1.60,4.80
2007.11.08 23:02:57.726,2.37335,2.37415,1.60,4.80
2007.11.08 23:02:57.814,2.37335,2.37415,1.60,4.80
2007.11.08 23:02:58.147,2.37335,2.37415,1.60,4.80
2007.11.08 23:02:58.480,2.37335,2.37415,1.60,4.80
2007.11.08 23:02:58.812,2.37335,2.37415,1.60,4.80
2007.11.08 23:02:59.144,2.37335,2.37415,1.60,4.80
2007.11.08 23:02:59.478,2.37335,2.37415,1.60,4.80
2007.11.08 23:02:59.811,2.37335,2.37415,1.60,4.80
2007.11.08 23:02:59.899,2.37335,2.37415,1.60,4.80
2007.11.08 23:03:00.231,2.37335,2.37415,1.60,4.80
2007.11.08 23:03:00.321,2.37335,2.37415,1.60,4.80
2007.11.08 23:03:00.408,2.37335,2.37415,1.60,4.80
2007.11.08 23:03:00.496,2.37335,2.37415,1.60,4.80
2007.11.08 23:03:00.584,2.37335,2.37415,1.60,4.80
2007.11.08 23:03:00.672,2.37335,2.37415,1.60,4.80
2007.11.08 23:03:00.760,2.37335,2.37415,1.60,4.80
2007.11.08 23:03:00.847,2.37335,2.37415,1.60,4.80
2007.11.08 23:03:01.180,2.37335,2.37415,1.60,4.80
2007.11.08 23:03:01.513,2.37335,2.37415,1.60,4.80
2007.11.08 23:03:01.846,2.37335,2.37415,1.60,4.80
2007.11.08 23:03:01.904,2.37335,2.37415,1.60,4.80
2007.11.08 23:03:01.963,2.37335,2.37415,1.60,4.80
2007.11.08 23:03:02.040,2.37335,2.37415,1.60,4.80
2007.11.08 23:03:02.097,2.37335,2.37415,1.60,4.80
2007.11.08 23:03:02.154,2.37335,2.37415,1.60,4.80
2007.11.08 23:03:02.213,2.37335,2.37415,1.60,4.80
2007.11.08 23:03:02.271,2.37335,2.37415,1.60,4.80
2007.11.08 23:03:02.328,2.37335,2.37415,1.60,4.80
2007.11.08 23:03:02.385,2.37335,2.37415,1.60,4.80
2007.11.08 23:03:02.444,2.37335,2.37415,1.60,4.80
2007.11.08 23:03:02.502,2.37335,2.37415,1.60,4.80
2007.11.08 23:03:02.560,2.37335,2.37415,1.60,4.80
2007.11.08 23:03:02.618,2.37335,2.37415,1.60,4.80
2007.11.08 23:03:02.676,2.37335,2.37415,1.60,4.80
2007.11.08 23:03:02.734,2.37335,2.37415,1.60,4.80
2007.11.08 23:03:02.792,2.37335,2.37415,1.60,4.80
2007.11.08 23:03:02.849,2.37335,2.37415,1.60,4.80
2007.11.08 23:03:03.183,2.37355,2.37415,0.80,4.00
2007.11.08 23:03:03.234,2.37335,2.37415,5.40,4.00
2007.11.08 23:03:03.516,2.37355,2.37435,1.60,4.80
2007.11.08 23:03:03.850,2.37355,2.37435,1.60,4.80
2007.11.08 23:03:04.182,2.37355,2.37435,1.60,0.80
2007.11.08 23:03:04.515,2.37355,2.37435,1.60,0.80
2007.11.08 23:03:04.847,2.37355,2.37435,1.60,0.80
2007.11.08 23:03:04.941,2.37355,2.37435,1.60,0.80
2007.11.08 23:03:05.034,2.37355,2.37435,1.60,0.80
2007.11.08 23:03:05.126,2.37355,2.37435,1.60,0.80
2007.11.08 23:03:05.219,2.37355,2.37435,1.60,0.80
2007.11.08 23:03:05.312,2.37355,2.37435,1.60,0.80
2007.11.08 23:03:05.404,2.37355,2.37435,1.60,0.80
2007.11.08 23:03:05.498,2.37355,2.37435,1.60,0.80
2007.11.08 23:03:05.591,2.37355,2.37435,1.60,0.80
2007.11.08 23:03:05.684,2.37355,2.37435,1.60,0.80
2007.11.08 23:03:05.776,2.37355,2.37435,1.60,0.80
2007.11.08 23:03:05.869,2.37355,2.37435,1.60,0.80
2007.11.08 23:03:05.962,2.37355,2.37435,1.60,0.80
2007.11.08 23:03:06.109,2.37355,2.37435,1.60,0.80
2007.11.08 23:03:06.385,2.37355,2.37435,1.60,0.80
2007.11.08 23:03:06.533,2.37355,2.37435,1.60,0.80
2007.11.08 23:03:06.680,2.37355,2.37435,1.60,0.80
2007.11.08 23:03:06.827,2.37355,2.37435,1.60,0.80
2007.11.08 23:03:06.973,2.37355,2.37435,1.60,0.80
2007.11.08 23:03:07.067,2.37355,2.37435,1.60,0.80
2007.11.08 23:03:07.161,2.37355,2.37435,1.60,0.80
2007.11.08 23:03:07.252,2.37355,2.37435,1.60,0.80
2007.11.08 23:03:07.345,2.37355,2.37435,1.60,0.80
2007.11.08 23:03:07.438,2.37355,2.37435,1.60,0.80
2007.11.08 23:03:07.531,2.37355,2.37435,1.60,0.80
2007.11.08 23:03:07.625,2.37355,2.37435,1.60,0.80
2007.11.08 23:03:07.717,2.37355,2.37435,1.60,0.80
2007.11.08 23:03:07.810,2.37355,2.37435,1.60,0.80
2007.11.08 23:03:07.902,2.37355,2.37435,1.60,0.80
2007.11.08 23:03:07.995,2.37355,2.37435,1.60,0.80
2007.11.08 23:03:08.328,2.37355,2.37435,1.60,0.80
2007.11.08 23:03:08.661,2.37355,2.37435,1.60,0.80
2007.11.08 23:03:08.994,2.37355,2.37435,1.60,0.80
2007.11.08 23:03:09.326,2.37355,2.37435,1.60,0.80
2007.11.08 23:03:09.659,2.37355,2.37435,1.60,0.80
2007.11.08 23:03:09.991,2.37355,2.37435,1.60,0.80
2007.11.08 23:03:10.323,2.37355,2.37435,1.60,0.80
2007.11.08 23:03:10.380,2.37355,2.37435,1.60,0.80
2007.11.08 23:03:10.437,2.37355,2.37435,1.60,0.80
2007.11.08 23:03:10.496,2.37355,2.37435,1.60,0.80
2007.11.08 23:03:10.553,2.37355,2.37435,1.60,0.80
2007.11.08 23:03:10.610,2.37355,2.37435,1.60,0.80
2007.11.08 23:03:10.667,2.37355,2.37435,1.60,0.80
2007.11.08 23:03:10.726,2.37355,2.37435,1.60,0.80
2007.11.08 23:03:10.785,2.37355,2.37435,1.60,0.80
2007.11.08 23:03:10.842,2.37355,2.37435,1.60,0.80
2007.11.08 23:03:10.899,2.37355,2.37435,1.60,0.80
2007.11.08 23:03:10.957,2.37355,2.37435,1.60,0.80
2007.11.08 23:03:11.016,2.37355,2.37435,1.60,0.80
2007.11.08 23:03:11.074,2.37355,2.37435,1.60,0.80
2007.11.08 23:03:11.131,2.37355,2.37435,1.60,0.80
2007.11.08 23:03:11.463,2.37355,2.37435,1.60,0.80
2007.11.08 23:03:11.795,2.37355,2.37435,1.60,0.80
2007.11.08 23:03:12.143,2.37355,2.37435,1.60,0.80
2007.11.08 23:03:12.191,2.37355,2.37435,1.60,0.80
2007.11.08 23:03:12.239,2.37355,2.37435,1.60,0.80
2007.11.08 23:03:12.288,2.37355,2.37435,1.60,0.80
2007.11.08 23:03:12.335,2.37355,2.37435,1.60,0.80
2007.11.08 23:03:12.383,2.37355,2.37435,1.60,0.80
2007.11.08 23:03:12.551,2.37355,2.37435,1.60,0.80
2007.11.08 23:03:12.600,2.37355,2.37435,1.60,0.80
2007.11.08 23:03:12.648,2.37355,2.37435,1.60,0.80
2007.11.08 23:03:12.697,2.37355,2.37435,1.60,0.80
2007.11.08 23:03:12.744,2.37355,2.37435,1.60,0.80
2007.11.08 23:03:12.791,2.37355,2.37435,1.60,0.80
2007.11.08 23:03:12.838,2.37355,2.37435,1.60,0.80
2007.11.08 23:03:12.885,2.37355,2.37435,1.60,0.80
2007.11.08 23:03:12.933,2.37355,2.37435,1.60,0.80
2007.11.08 23:03:12.981,2.37355,2.37435,1.60,0.80
2007.11.08 23:03:13.028,2.37355,2.37435,1.60,0.80
2007.11.08 23:03:13.077,2.37355,2.37435,1.60,0.80
2007.11.08 23:03:13.124,2.37355,2.37435,1.60,0.80
2007.11.08 23:03:13.457,2.37355,2.37435,1.60,0.80
2007.11.08 23:03:13.788,2.37355,2.37435,1.60,0.80
2007.11.08 23:03:14.121,2.37355,2.37435,1.60,0.80
2007.11.08 23:03:14.453,2.37355,2.37435,1.60,0.80
2007.11.08 23:03:14.786,2.37355,2.37435,1.60,0.80
2007.11.08 23:03:15.118,2.37355,2.37435,1.60,0.80
2007.11.08 23:03:15.452,2.37375,2.37445,1.60,9.60
2007.11.08 23:03:15.514,2.37375,2.37445,1.60,9.60
2007.11.08 23:03:15.578,2.37375,2.37445,1.60,9.60
2007.11.08 23:03:15.640,2.37375,2.37445,1.60,9.60
2007.11.08 23:03:15.702,2.37375,2.37445,1.60,9.60
2007.11.08 23:03:15.764,2.37375,2.37445,1.60,9.60
2007.11.08 23:03:15.826,2.37375,2.37445,1.60,9.60
2007.11.08 23:03:15.889,2.37375,2.37445,1.60,9.60
2007.11.08 23:03:15.954,2.37375,2.37445,1.60,9.60
2007.11.08 23:03:16.016,2.37375,2.37445,1.60,9.60
2007.11.08 23:03:16.078,2.37375,2.37445,1.60,9.60
2007.11.08 23:03:16.140,2.37375,2.37445,1.60,9.60
2007.11.08 23:03:16.202,2.37375,2.37445,1.60,9.60
2007.11.08 23:03:16.450,2.37375,2.37445,1.60,9.60
2007.11.08 23:03:16.697,2.37375,2.37445,1.60,9.60
2007.11.08 23:03:16.944,2.37375,2.37445,1.60,9.60
2007.11.08 23:03:17.192,2.37375,2.37445,1.60,9.60
2007.11.08 23:03:17.525,2.37375,2.37445,1.60,9.60
2007.11.08 23:03:17.858,2.37375,2.37445,1.60,9.60
2007.11.08 23:03:18.191,2.37375,2.37445,1.60,9.60
2007.11.08 23:03:18.523,2.37375,2.37445,1.60,9.60
2007.11.08 23:03:18.723,2.37375,2.37445,1.60,9.60
2007.11.08 23:03:18.871,2.37375,2.37445,1.60,9.60
2007.11.08 23:03:19.018,2.37375,2.37445,1.60,9.60
2007.11.08 23:03:19.166,2.37375,2.37445,1.60,9.60
2007.11.08 23:03:19.314,2.37375,2.37445,1.60,9.60
2007.11.08 23:03:19.647,2.37375,2.37445,1.60,9.60
2007.11.08 23:03:19.980,2.37375,2.37445,1.60,9.60
2007.11.08 23:03:20.313,2.37375,2.37445,1.60,9.60
2007.11.08 23:03:20.646,2.37375,2.37445,1.60,9.60
2007.11.08 23:03:20.979,2.37375,2.37445,1.60,9.60
2007.11.08 23:03:21.317,2.37375,2.37445,1.60,9.60
2007.11.08 23:03:21.649,2.37375,2.37445,1.60,9.60
2007.11.08 23:03:21.697,2.37375,2.37445,1.60,9.60
2007.11.08 23:03:21.745,2.37375,2.37445,1.60,9.60
2007.11.08 23:03:21.793,2.37375,2.37445,1.60,9.60
2007.11.08 23:03:21.841,2.37375,2.37445,1.60,9.60
2007.11.08 23:03:21.889,2.37375,2.37445,1.60,9.60
2007.11.08 23:03:21.936,2.37375,2.37445,1.60,9.60
2007.11.08 23:03:21.983,2.37375,2.37445,1.60,9.60
2007.11.08 23:03:22.032,2.37375,2.37445,1.60,9.60
2007.11.08 23:03:22.080,2.37375,2.37445,1.60,9.60
2007.11.08 23:03:22.159,2.37375,2.37445,1.60,9.60
2007.11.08 23:03:22.205,2.37375,2.37445,1.60,9.60
2007.11.08 23:03:22.252,2.37375,2.37445,1.60,9.60
2007.11.08 23:03:22.300,2.37375,2.37445,1.60,9.60
2007.11.08 23:03:22.348,2.37375,2.37445,1.60,9.60
2007.11.08 23:03:22.563,2.37365,2.37445,2.40,9.60
2007.11.08 23:03:22.680,2.37375,2.37445,1.60,9.60
2007.11.08 23:03:23.012,2.37375,2.37445,1.60,5.60
2007.11.08 23:03:23.409,2.37375,2.37445,1.60,5.60
2007.11.08 23:03:23.477,2.37375,2.37445,1.60,5.60
2007.11.08 23:03:23.544,2.37375,2.37445,1.60,5.60
2007.11.08 23:03:23.611,2.37375,2.37445,1.60,5.60
2007.11.08 23:03:23.679,2.37375,2.37445,1.60,5.60
2007.11.08 23:03:23.748,2.37375,2.37445,1.60,5.60
2007.11.08 23:03:23.815,2.37375,2.37445,1.60,5.60
2007.11.08 23:03:23.882,2.37375,2.37445,1.60,5.60
2007.11.08 23:03:23.950,2.37375,2.37445,1.60,5.60
2007.11.08 23:03:24.017,2.37375,2.37445,1.60,5.60
2007.11.08 23:03:24.084,2.37375,2.37445,1.60,5.60
2007.11.08 23:03:24.152,2.37375,2.37445,1.60,5.60
2007.11.08 23:03:24.221,2.37375,2.37445,1.60,5.60
2007.11.08 23:03:24.289,2.37375,2.37445,1.60,5.60
2007.11.08 23:03:24.356,2.37375,2.37445,1.60,5.60
2007.11.08 23:03:24.689,2.37375,2.37445,1.60,5.60
2007.11.08 23:03:25.023,2.37375,2.37445,1.60,5.60
2007.11.08 23:03:25.356,2.37375,2.37445,1.60,5.60
2007.11.08 23:03:25.405,2.37375,2.37445,1.60,5.60
2007.11.08 23:03:25.452,2.37375,2.37445,1.60,5.60
2007.11.08 23:03:25.499,2.37375,2.37445,1.60,5.60
2007.11.08 23:03:25.546,2.37375,2.37445,1.60,5.60
2007.11.08 23:03:25.594,2.37375,2.37445,1.60,5.60
2007.11.08 23:03:25.642,2.37375,2.37445,1.60,5.60
2007.11.08 23:03:25.689,2.37375,2.37445,1.60,5.60
2007.11.08 23:03:25.736,2.37375,2.37445,1.60,5.60
2007.11.08 23:03:25.784,2.37375,2.37445,1.60,5.60
2007.11.08 23:03:25.832,2.37375,2.37445,1.60,5.60
2007.11.08 23:03:25.880,2.37375,2.37445,1.60,5.60
2007.11.08 23:03:25.927,2.37375,2.37445,1.60,5.60
2007.11.08 23:03:25.974,2.37375,2.37445,1.60,5.60
2007.11.08 23:03:26.022,2.37375,2.37445,1.60,5.60
2007.11.08 23:03:26.070,2.37375,2.37445,1.60,5.60
2007.11.08 23:03:26.118,2.37375,2.37445,1.60,5.60
2007.11.08 23:03:26.165,2.37375,2.37445,1.60,5.60
2007.11.08 23:03:26.212,2.37375,2.37445,1.60,5.60
2007.11.08 23:03:26.260,2.37375,2.37445,1.60,5.60
2007.11.08 23:03:26.309,2.37375,2.37445,1.60,5.60
2007.11.08 23:03:26.358,2.37375,2.37445,1.60,5.60
2007.11.08 23:03:26.405,2.37375,2.37445,1.60,5.60
2007.11.08 23:03:26.693,2.37375,2.37445,1.60,5.60
2007.11.08 23:03:26.980,2.37375,2.37445,1.60,5.60
2007.11.08 23:03:27.268,2.37365,2.37425,12.00,0.80
2007.11.08 23:03:27.555,2.37355,2.37415,1.60,4.00
2007.11.08 23:03:27.896,2.37355,2.37435,2.20,0.80
2007.11.08 23:03:28.229,2.37355,2.37435,6.20,0.80
2007.11.08 23:03:28.562,2.37355,2.37435,6.20,0.80
2007.11.08 23:03:28.839,2.37355,2.37435,6.20,0.80
2007.11.08 23:03:29.118,2.37355,2.37435,6.20,0.80
2007.11.08 23:03:29.397,2.37375,2.37435,2.40,0.80
2007.11.08 23:03:29.729,2.37405,2.37445,0.80,8.80
2007.11.08 23:03:30.062,2.37405,2.37455,0.80,3.80
2007.11.08 23:03:30.395,2.37405,2.37455,0.80,3.80
2007.11.08 23:03:30.728,2.37405,2.37475,0.80,4.00
2007.11.08 23:03:31.061,2.37405,2.37475,0.80,4.00
2007.11.08 23:03:31.393,2.37405,2.37475,0.80,4.00
2007.11.08 23:03:31.482,2.37405,2.37475,0.80,4.00
2007.11.08 23:03:31.569,2.37405,2.37475,0.80,4.00
2007.11.08 23:03:31.656,2.37405,2.37475,0.80,4.00
2007.11.08 23:03:31.745,2.37405,2.37475,0.80,4.00
2007.11.08 23:03:31.833,2.37405,2.37475,0.80,4.00
2007.11.08 23:03:31.921,2.37405,2.37475,0.80,4.00
2007.11.08 23:03:32.011,2.37405,2.37475,0.80,4.00
2007.11.08 23:03:32.098,2.37405,2.37475,0.80,4.00
2007.11.08 23:03:32.187,2.37395,2.37435,0.80,0.80
2007.11.08 23:03:32.274,2.37385,2.37435,8.10,0.80
2007.11.08 23:03:32.361,2.37385,2.37435,8.10,0.80
2007.11.08 23:03:32.449,2.37385,2.37435,8.10,0.80
2007.11.08 23:03:32.782,2.37365,2.37435,1.60,0.80
2007.11.08 23:03:33.114,2.37355,2.37435,6.20,0.80
2007.11.08 23:03:33.448,2.37355,2.37435,6.20,0.80
2007.11.08 23:03:33.780,2.37355,2.37435,6.20,0.80
2007.11.08 23:03:34.112,2.37355,2.37435,6.20,0.80
2007.11.08 23:03:34.445,2.37355,2.37435,6.20,0.80
2007.11.08 23:03:34.777,2.37355,2.37435,6.20,0.80
2007.11.08 23:03:34.884,2.37355,2.37435,6.20,0.80
2007.11.08 23:03:34.992,2.37355,2.37435,6.20,0.80
2007.11.08 23:03:35.099,2.37355,2.37435,6.20,0.80
2007.11.08 23:03:35.206,2.37355,2.37435,6.20,0.80
2007.11.08 23:03:35.314,2.37355,2.37435,6.20,0.80
2007.11.08 23:03:35.421,2.37355,2.37435,6.20,0.80
2007.11.08 23:03:35.529,2.37355,2.37435,6.20,0.80
2007.11.08 23:03:35.637,2.37355,2.37435,6.20,0.80
2007.11.08 23:03:35.820,2.37355,2.37445,5.70,4.00
2007.11.08 23:03:36.003,2.37365,2.37455,8.00,4.80
2007.11.08 23:03:36.187,2.37365,2.37455,12.00,4.80
2007.11.08 23:03:36.369,2.37365,2.37455,12.00,4.80
2007.11.08 23:03:36.550,2.37365,2.37455,12.00,4.80
2007.11.08 23:03:36.733,2.37375,2.37455,0.80,4.80
2007.11.08 23:03:36.916,2.37375,2.37455,0.80,4.80
2007.11.08 23:03:37.223,2.37375,2.37445,5.60,1.60
2007.11.08 23:03:37.413,2.37375,2.37445,5.60,5.60
2007.11.08 23:03:37.598,2.37375,2.37445,1.60,5.60
2007.11.08 23:03:37.781,2.37375,2.37445,1.60,5.60
2007.11.08 23:03:38.117,2.37375,2.37445,1.60,5.60
2007.11.08 23:03:38.450,2.37375,2.37445,1.60,5.60
2007.11.08 23:03:38.783,2.37375,2.37445,1.60,5.60
2007.11.08 23:03:39.116,2.37375,2.37445,1.60,5.60
2007.11.08 23:03:39.448,2.37375,2.37445,1.60,5.60
2007.11.08 23:03:39.593,2.37375,2.37445,0.80,5.60
2007.11.08 23:03:39.781,2.37375,2.37445,1.60,5.60
2007.11.08 23:03:40.116,2.37385,2.37445,0.60,5.60
2007.11.08 23:03:40.199,2.37395,2.37445,0.80,4.80
2007.11.08 23:03:40.282,2.37395,2.37445,1.60,4.00
2007.11.08 23:03:40.368,2.37395,2.37445,1.60,4.00
2007.11.08 23:03:40.449,2.37395,2.37455,1.60,4.00
2007.11.08 23:03:40.532,2.37395,2.37465,1.60,9.60
2007.11.08 23:03:40.615,2.37395,2.37465,1.60,9.60
2007.11.08 23:03:40.698,2.37395,2.37465,1.60,9.60
2007.11.08 23:03:40.781,2.37395,2.37465,1.60,9.60
2007.11.08 23:03:40.864,2.37395,2.37465,1.60,9.60
2007.11.08 23:03:40.946,2.37395,2.37465,1.60,9.60
2007.11.08 23:03:41.281,2.37395,2.37465,1.60,5.60
2007.11.08 23:03:41.613,2.37395,2.37465,1.60,5.60
2007.11.08 23:03:41.946,2.37395,2.37465,1.60,5.60
2007.11.08 23:03:42.278,2.37395,2.37465,1.60,5.60
2007.11.08 23:03:42.376,2.37395,2.37465,1.60,5.60
2007.11.08 23:03:42.474,2.37395,2.37465,1.60,5.60
2007.11.08 23:03:42.579,2.37395,2.37465,1.60,5.60
2007.11.08 23:03:42.670,2.37395,2.37465,1.60,5.60
2007.11.08 23:03:42.768,2.37395,2.37465,1.60,5.60
2007.11.08 23:03:42.865,2.37395,2.37465,0.80,5.60
2007.11.08 23:03:42.962,2.37395,2.37465,0.80,5.60
2007.11.08 23:03:43.060,2.37395,2.37465,0.80,5.60
2007.11.08 23:03:43.405,2.37375,2.37455,2.20,0.80
2007.11.08 23:03:43.738,2.37375,2.37455,2.20,0.80
2007.11.08 23:03:44.071,2.37375,2.37455,2.20,0.80
2007.11.08 23:03:44.404,2.37375,2.37455,2.20,0.80
2007.11.08 23:03:44.737,2.37375,2.37455,2.20,0.80
2007.11.08 23:03:45.070,2.37375,2.37455,2.20,0.80
2007.11.08 23:03:45.403,2.37375,2.37455,2.20,0.80
2007.11.08 23:03:45.491,2.37375,2.37455,2.20,0.80
2007.11.08 23:03:45.579,2.37375,2.37455,2.20,0.80
2007.11.08 23:03:45.667,2.37375,2.37455,2.20,0.80
2007.11.08 23:03:45.754,2.37375,2.37455,2.20,0.80
2007.11.08 23:03:45.842,2.37375,2.37455,2.20,0.80
2007.11.08 23:03:45.930,2.37375,2.37455,2.20,0.80
2007.11.08 23:03:46.017,2.37375,2.37455,2.20,0.80
2007.11.08 23:03:46.105,2.37375,2.37455,2.20,0.80
2007.11.08 23:03:46.192,2.37375,2.37455,2.20,0.80
2007.11.08 23:03:46.380,2.37375,2.37455,2.20,0.80
2007.11.08 23:03:46.568,2.37375,2.37455,2.20,0.80
2007.11.08 23:03:46.755,2.37375,2.37455,2.20,0.80
2007.11.08 23:03:46.943,2.37375,2.37455,2.20,0.80
2007.11.08 23:03:47.165,2.37375,2.37455,2.20,0.80
2007.11.08 23:03:47.278,2.37395,2.37455,0.80,0.80
2007.11.08 23:03:47.391,2.37395,2.37465,1.60,9.60
2007.11.08 23:03:47.504,2.37395,2.37465,1.60,5.60
2007.11.08 23:03:47.617,2.37395,2.37465,1.60,5.60
2007.11.08 23:03:47.730,2.37395,2.37465,1.60,5.60
2007.11.08 23:03:47.850,2.37395,2.37465,1.60,5.60
2007.11.08 23:03:47.962,2.37395,2.37465,1.60,9.60
2007.11.08 23:03:48.075,2.37395,2.37465,1.60,9.60
2007.11.08 23:03:48.187,2.37395,2.37465,1.60,9.60
2007.11.08 23:03:48.520,2.37395,2.37465,1.60,5.60
2007.11.08 23:03:48.852,2.37395,2.37465,1.60,5.60
2007.11.08 23:03:49.185,2.37395,2.37465,1.60,5.60
2007.11.08 23:03:49.557,2.37395,2.37465,1.60,4.80
2007.11.08 23:03:49.891,2.37395,2.37475,1.60,8.80
2007.11.08 23:03:50.225,2.37395,2.37465,1.60,5.60
2007.11.08 23:03:50.296,2.37395,2.37465,1.60,5.60
2007.11.08 23:03:50.369,2.37395,2.37465,1.60,5.60
2007.11.08 23:03:50.442,2.37395,2.37465,1.60,5.60
2007.11.08 23:03:50.515,2.37395,2.37465,1.60,5.60
2007.11.08 23:03:50.587,2.37395,2.37465,1.60,5.60
2007.11.08 23:03:50.660,2.37395,2.37465,1.60,5.60
2007.11.08 23:03:50.733,2.37395,2.37465,1.60,5.60
2007.11.08 23:03:50.806,2.37395,2.37465,1.60,5.60
2007.11.08 23:03:50.879,2.37395,2.37465,1.60,5.60
2007.11.08 23:03:50.952,2.37395,2.37465,1.60,5.60
2007.11.08 23:03:51.025,2.37395,2.37465,1.60,5.60
2007.11.08 23:03:51.097,2.37395,2.37465,1.60,5.60
2007.11.08 23:03:51.170,2.37395,2.37465,1.60,5.60
2007.11.08 23:03:51.243,2.37415,2.37465,0.80,4.80
2007.11.08 23:03:51.577,2.37415,2.37465,0.80,4.80
2007.11.08 23:03:51.910,2.37425,2.37485,0.80,8.80
2007.11.08 23:03:52.242,2.37425,2.37485,0.80,8.80
2007.11.08 23:03:52.574,2.37425,2.37485,0.80,8.80
2007.11.08 23:03:52.907,2.37425,2.37485,0.80,8.80
2007.11.08 23:03:53.241,2.37425,2.37475,0.80,4.00
2007.11.08 23:03:53.573,2.37425,2.37475,0.80,4.00
2007.11.08 23:03:53.806,2.37425,2.37475,0.80,4.00
2007.11.08 23:03:54.039,2.37425,2.37475,0.80,4.00
2007.11.08 23:03:54.275,2.37425,2.37475,0.80,4.00
2007.11.08 23:03:54.607,2.37425,2.37475,0.80,4.00
2007.11.08 23:03:54.940,2.37415,2.37475,0.80,4.00
2007.11.08 23:03:55.273,2.37405,2.37465,8.80,6.40
2007.11.08 23:03:55.372,2.37405,2.37465,0.80,10.40
2007.11.08 23:03:55.469,2.37405,2.37465,0.80,10.40
2007.11.08 23:03:55.725,2.37405,2.37465,0.80,10.40
2007.11.08 23:03:55.824,2.37385,2.37455,4.00,10.40
2007.11.08 23:03:55.921,2.37385,2.37455,4.00,10.40
2007.11.08 23:03:56.019,2.37365,2.37455,4.00,10.40
2007.11.08 23:03:56.117,2.37355,2.37455,0.80,14.40
2007.11.08 23:03:56.216,2.37345,2.37455,12.00,14.40
2007.11.08 23:03:56.312,2.37345,2.37455,12.00,14.40
2007.11.08 23:03:56.605,2.37345,2.37455,8.00,10.40
2007.11.08 23:03:56.898,2.37345,2.37455,8.00,10.40
2007.11.08 23:03:57.194,2.37345,2.37455,8.00,10.40
2007.11.08 23:03:57.485,2.37345,2.37455,8.00,14.40
2007.11.08 23:03:57.818,2.37345,2.37455,8.00,14.40
2007.11.08 23:03:58.151,2.37345,2.37455,8.00,14.40
2007.11.08 23:03:58.510,2.37345,2.37455,8.00,14.40
2007.11.08 23:03:58.832,2.37345,2.37455,8.00,14.40
2007.11.08 23:03:59.165,2.37345,2.37455,8.00,14.40
2007.11.08 23:03:59.498,2.37345,2.37455,8.00,14.40
2007.11.08 23:03:59.730,2.37345,2.37455,8.00,14.40
2007.11.08 23:03:59.963,2.37345,2.37455,8.00,14.40
2007.11.08 23:04:00.195,2.37345,2.37455,8.00,14.40
2007.11.08 23:04:00.428,2.37345,2.37455,8.00,14.40
2007.11.08 23:04:00.661,2.37345,2.37455,8.00,14.40
2007.11.08 23:04:00.734,2.37345,2.37455,8.00,14.40
2007.11.08 23:04:00.807,2.37345,2.37455,8.00,14.40
2007.11.08 23:04:00.881,2.37345,2.37455,8.00,14.40
2007.11.08 23:04:00.953,2.37345,2.37455,8.00,14.40
2007.11.08 23:04:01.026,2.37345,2.37455,8.00,14.40
2007.11.08 23:04:01.099,2.37345,2.37455,8.00,14.40
2007.11.08 23:04:01.171,2.37345,2.37455,8.00,14.40
2007.11.08 23:04:01.244,2.37345,2.37455,8.00,14.40
2007.11.08 23:04:01.317,2.37345,2.37455,8.00,14.40
2007.11.08 23:04:01.390,2.37345,2.37455,8.00,14.40
2007.11.08 23:04:01.463,2.37345,2.37455,8.00,14.40
2007.11.08 23:04:01.535,2.37345,2.37455,8.00,14.40
2007.11.08 23:04:01.889,2.37345,2.37455,8.00,14.40
2007.11.08 23:04:02.223,2.37345,2.37435,8.00,4.00
2007.11.08 23:04:02.556,2.37345,2.37435,8.00,4.00
2007.11.08 23:04:02.889,2.37335,2.37435,0.80,14.40
2007.11.08 23:04:03.223,2.37335,2.37435,0.80,14.40
2007.11.08 23:04:03.556,2.37335,2.37435,0.80,14.40
2007.11.08 23:04:03.889,2.37335,2.37435,0.80,14.40
2007.11.08 23:04:04.222,2.37335,2.37435,0.80,14.40
2007.11.08 23:04:04.554,2.37335,2.37435,0.80,14.40
2007.11.08 23:04:04.887,2.37335,2.37435,0.80,14.40
2007.11.08 23:04:04.964,2.37335,2.37435,0.80,14.40
2007.11.08 23:04:05.042,2.37335,2.37435,0.80,14.40
2007.11.08 23:04:05.120,2.37335,2.37435,0.80,14.40
2007.11.08 23:04:05.199,2.37355,2.37435,0.80,14.40
2007.11.08 23:04:05.277,2.37355,2.37435,0.80,14.40
2007.11.08 23:04:05.357,2.37355,2.37435,0.80,14.40
2007.11.08 23:04:05.435,2.37355,2.37435,0.80,6.40
2007.11.08 23:04:05.512,2.37355,2.37435,0.80,2.40
2007.11.08 23:04:05.589,2.37355,2.37435,0.80,2.40
2007.11.08 23:04:05.668,2.37355,2.37435,0.80,2.40
2007.11.08 23:04:05.931,2.37355,2.37435,0.80,2.40
2007.11.08 23:04:06.195,2.37355,2.37435,0.80,6.40
2007.11.08 23:04:06.458,2.37355,2.37435,0.80,6.40
2007.11.08 23:04:06.721,2.37355,2.37435,0.80,6.40
2007.11.08 23:04:06.815,2.37355,2.37435,0.80,6.40
2007.11.08 23:04:06.907,2.37355,2.37435,0.80,6.40
2007.11.08 23:04:07.000,2.37355,2.37435,0.80,6.40
2007.11.08 23:04:07.092,2.37355,2.37435,0.80,6.40
2007.11.08 23:04:07.185,2.37355,2.37435,0.80,6.40
2007.11.08 23:04:07.277,2.37355,2.37435,0.80,6.40
2007.11.08 23:04:07.369,2.37355,2.37435,0.80,6.40
2007.11.08 23:04:07.461,2.37355,2.37435,0.80,6.40
2007.11.08 23:04:07.553,2.37355,2.37435,0.80,6.40
2007.11.08 23:04:07.647,2.37355,2.37435,0.80,6.40
2007.11.08 23:04:07.740,2.37355,2.37435,0.80,6.40
2007.11.08 23:04:08.073,2.37355,2.37435,0.80,6.40
2007.11.08 23:04:08.406,2.37355,2.37435,0.80,6.40
2007.11.08 23:04:08.739,2.37355,2.37435,0.80,6.40
2007.11.08 23:04:09.071,2.37355,2.37435,0.80,6.40
2007.11.08 23:04:09.404,2.37355,2.37435,0.80,6.40
2007.11.08 23:04:09.736,2.37355,2.37435,0.80,6.40
2007.11.08 23:04:10.070,2.37355,2.37435,0.80,6.40
2007.11.08 23:04:10.128,2.37355,2.37435,0.80,6.40
2007.11.08 23:04:10.186,2.37355,2.37435,0.80,6.40
2007.11.08 23:04:10.244,2.37355,2.37435,0.80,6.40
2007.11.08 23:04:10.301,2.37355,2.37435,0.80,6.40
2007.11.08 23:04:10.361,2.37355,2.37435,0.80,6.40
2007.11.08 23:04:10.419,2.37355,2.37435,0.80,6.40
2007.11.08 23:04:10.477,2.37355,2.37435,0.80,6.40
2007.11.08 23:04:10.534,2.37355,2.37435,0.80,6.40
2007.11.08 23:04:10.591,2.37355,2.37435,0.80,6.40
2007.11.08 23:04:10.648,2.3736,2.37435,0.60,6.40
2007.11.08 23:04:10.707,2.3736,2.37435,0.60,6.40
2007.11.08 23:04:10.765,2.37375,2.37435,0.80,6.40
2007.11.08 23:04:10.824,2.37375,2.37435,0.80,4.00
2007.11.08 23:04:11.156,2.37375,2.37445,0.80,11.20
2007.11.08 23:04:11.489,2.37375,2.37445,0.80,11.20
2007.11.08 23:04:11.822,2.37375,2.37445,0.80,11.20
2007.11.08 23:04:11.915,2.37375,2.37445,0.80,11.20
2007.11.08 23:04:12.014,2.37375,2.37445,0.80,11.20
2007.11.08 23:04:12.099,2.37375,2.37445,0.80,11.20
2007.11.08 23:04:12.193,2.37375,2.37445,0.80,11.20
2007.11.08 23:04:12.285,2.37375,2.37445,0.80,11.20
2007.11.08 23:04:12.377,2.37375,2.37445,0.80,11.20
2007.11.08 23:04:12.471,2.37375,2.37445,0.80,11.20
2007.11.08 23:04:12.563,2.37375,2.37445,0.80,11.20
2007.11.08 23:04:12.655,2.37375,2.37445,0.80,11.20
2007.11.08 23:04:12.749,2.37375,2.37445,0.80,11.20
2007.11.08 23:04:12.841,2.37375,2.37445,0.80,11.20
2007.11.08 23:04:12.933,2.37375,2.37445,0.80,11.20
2007.11.08 23:04:13.266,2.37375,2.37445,0.80,11.20
2007.11.08 23:04:13.600,2.37375,2.37445,0.80,11.20
2007.11.08 23:04:13.932,2.37375,2.37445,0.80,11.20
2007.11.08 23:04:14.267,2.37365,2.37445,8.00,11.20
2007.11.08 23:04:14.600,2.37365,2.37445,8.00,11.20
2007.11.08 23:04:14.943,2.37355,2.37435,0.80,2.40
2007.11.08 23:04:15.035,2.37355,2.37435,0.80,2.40
2007.11.08 23:04:15.129,2.37355,2.37435,0.80,2.40
2007.11.08 23:04:15.221,2.37355,2.37435,0.80,2.40
2007.11.08 23:04:15.314,2.37355,2.37435,0.80,2.40
2007.11.08 23:04:15.407,2.37355,2.37435,0.80,2.40
2007.11.08 23:04:15.500,2.37355,2.37435,0.80,2.40
2007.11.08 23:04:15.592,2.37355,2.37435,0.80,2.40
2007.11.08 23:04:15.684,2.37355,2.37435,0.80,2.40
2007.11.08 23:04:15.776,2.37355,2.37435,0.80,2.40
2007.11.08 23:04:15.870,2.37355,2.37435,0.80,2.40
2007.11.08 23:04:15.962,2.37355,2.37435,0.80,6.40
2007.11.08 23:04:16.191,2.37355,2.37435,0.80,6.40
2007.11.08 23:04:16.418,2.37355,2.37435,0.80,6.40
2007.11.08 23:04:16.645,2.37355,2.37435,0.80,6.40
2007.11.08 23:04:16.873,2.37355,2.37435,0.80,6.40
2007.11.08 23:04:17.102,2.37355,2.37435,0.80,6.40
2007.11.08 23:04:17.185,2.37355,2.37435,0.80,2.40
2007.11.08 23:04:17.277,2.37355,2.37435,0.80,2.40
2007.11.08 23:04:17.358,2.37355,2.37435,0.80,2.40
2007.11.08 23:04:17.442,2.37355,2.37435,0.80,2.40
2007.11.08 23:04:17.524,2.37355,2.37435,0.80,2.40
2007.11.08 23:04:17.606,2.37355,2.37435,0.80,2.40
2007.11.08 23:04:17.688,2.37355,2.37435,0.80,2.40
2007.11.08 23:04:17.777,2.37355,2.37435,0.80,2.40
2007.11.08 23:04:17.854,2.37355,2.37435,0.80,2.40
2007.11.08 23:04:17.937,2.37355,2.37435,0.80,2.40
2007.11.08 23:04:18.019,2.37355,2.37435,0.80,2.40
2007.11.08 23:04:18.351,2.37355,2.37435,0.80,2.40
2007.11.08 23:04:18.683,2.37355,2.37435,0.80,2.40
2007.11.08 23:04:19.015,2.37355,2.37435,0.80,2.40
2007.11.08 23:04:19.347,2.37375,2.37445,0.80,11.20
2007.11.08 23:04:19.680,2.37375,2.37445,11.20,8.80
2007.11.08 23:04:20.014,2.37375,2.37445,11.20,8.80
2007.11.08 23:04:20.435,2.37375,2.37445,11.20,8.80
2007.11.08 23:04:20.557,2.37375,2.37445,11.20,8.80
2007.11.08 23:04:20.680,2.37375,2.37445,11.20,8.80
2007.11.08 23:04:20.816,2.37375,2.37445,11.20,8.80
2007.11.08 23:04:20.938,2.37375,2.37445,11.20,8.80
2007.11.08 23:04:21.061,2.37375,2.37445,11.20,8.80
2007.11.08 23:04:21.184,2.37375,2.37445,11.20,8.80
2007.11.08 23:04:21.517,2.37375,2.37445,11.20,8.80
2007.11.08 23:04:21.850,2.37365,2.37445,0.80,11.20
2007.11.08 23:04:22.183,2.37365,2.37445,0.80,11.20
2007.11.08 23:04:22.305,2.37365,2.37445,0.80,11.20
2007.11.08 23:04:22.435,2.37365,2.37445,0.80,11.20
2007.11.08 23:04:22.557,2.37365,2.37445,0.80,11.20
2007.11.08 23:04:22.680,2.37365,2.37445,0.80,11.20
2007.11.08 23:04:22.802,2.37365,2.37445,0.80,11.20
2007.11.08 23:04:22.924,2.37365,2.37435,0.80,4.00
2007.11.08 23:04:23.047,2.37365,2.37435,0.80,4.00
2007.11.08 23:04:23.170,2.37365,2.37435,0.80,4.00
2007.11.08 23:04:23.503,2.37365,2.37435,0.80,4.00
2007.11.08 23:04:23.835,2.37365,2.37435,0.80,4.00
2007.11.08 23:04:24.167,2.37365,2.37435,0.80,4.00
2007.11.08 23:04:24.500,2.37365,2.37435,0.80,4.00
2007.11.08 23:04:24.832,2.37365,2.37435,0.80,4.00
2007.11.08 23:04:25.165,2.37365,2.37435,0.80,4.00
2007.11.08 23:04:25.498,2.37365,2.37435,0.80,4.00
2007.11.08 23:04:25.558,2.37365,2.37435,0.80,4.00
2007.11.08 23:04:25.615,2.37365,2.37435,0.80,4.00
2007.11.08 23:04:25.672,2.37365,2.3742,0.80,1.60
2007.11.08 23:04:25.730,2.37355,2.37415,8.10,2.40
2007.11.08 23:04:25.787,2.37355,2.37415,8.10,2.40
2007.11.08 23:04:25.845,2.37355,2.37415,8.10,2.40
2007.11.08 23:04:25.903,2.37355,2.37415,8.10,2.40
2007.11.08 23:04:25.961,2.37325,2.37395,3.80,4.00
2007.11.08 23:04:26.019,2.37325,2.37395,3.80,4.00
2007.11.08 23:04:26.076,2.37325,2.37395,3.80,4.00
2007.11.08 23:04:26.134,2.37325,2.37395,3.80,4.00
2007.11.08 23:04:26.192,2.37325,2.37395,3.80,4.00
2007.11.08 23:04:26.250,2.37325,2.37395,3.80,4.00
2007.11.08 23:04:26.602,2.37325,2.37395,3.80,4.00
2007.11.08 23:04:26.935,2.37325,2.37395,3.80,4.00
2007.11.08 23:04:27.269,2.37325,2.37395,3.80,4.00
2007.11.08 23:04:27.603,2.37335,2.37395,2.40,4.00
2007.11.08 23:04:27.938,2.37355,2.37405,8.00,4.00
2007.11.08 23:04:28.269,2.37355,2.37425,8.00,4.00
2007.11.08 23:04:28.382,2.37355,2.37425,8.00,4.00
2007.11.08 23:04:28.511,2.37355,2.37425,8.00,4.00
2007.11.08 23:04:28.623,2.37355,2.37425,8.00,4.00
2007.11.08 23:04:28.735,2.37355,2.37425,8.00,4.00
2007.11.08 23:04:28.849,2.37355,2.37425,8.00,4.00
2007.11.08 23:04:28.962,2.37355,2.37425,8.00,4.00
2007.11.08 23:04:29.074,2.37355,2.37425,8.00,4.00
2007.11.08 23:04:29.188,2.37355,2.37425,8.00,4.00
2007.11.08 23:04:29.308,2.37355,2.37425,8.00,4.00
2007.11.08 23:04:29.635,2.37355,2.37425,8.00,4.00
2007.11.08 23:04:29.968,2.37355,2.37425,8.00,6.00
2007.11.08 23:04:30.300,2.37355,2.37405,8.00,4.00
2007.11.08 23:04:30.633,2.37335,2.37395,8.00,4.00
2007.11.08 23:04:30.731,2.37335,2.37395,8.00,4.00
2007.11.08 23:04:30.829,2.37335,2.37395,8.00,4.00
2007.11.08 23:04:30.936,2.37335,2.37395,8.00,4.00
2007.11.08 23:04:31.025,2.37335,2.37395,8.00,4.00
2007.11.08 23:04:31.122,2.37335,2.37395,8.00,4.00
2007.11.08 23:04:31.219,2.37335,2.37395,8.00,4.00
2007.11.08 23:04:31.318,2.37335,2.37395,8.00,4.00
2007.11.08 23:04:31.650,2.37335,2.37395,8.00,4.00
2007.11.08 23:04:31.983,2.37335,2.37395,8.00,4.80
2007.11.08 23:04:32.321,2.37335,2.37395,8.00,4.80
2007.11.08 23:04:32.773,2.37335,2.37395,8.00,4.80
2007.11.08 23:04:33.105,2.37335,2.37395,8.80,4.00
2007.11.08 23:04:33.437,2.37335,2.37395,8.80,4.00
2007.11.08 23:04:35.485,2.37325,2.37395,12.60,4.00
2007.11.08 23:04:35.504,2.37325,2.37395,12.60,4.00
2007.11.08 23:04:35.578,2.37335,2.37395,8.80,4.00
2007.11.08 23:04:35.650,2.37335,2.37395,8.80,4.00
2007.11.08 23:04:35.723,2.37335,2.37395,8.80,4.00
2007.11.08 23:04:35.795,2.37335,2.37395,8.80,4.00
2007.11.08 23:04:35.867,2.37335,2.37395,8.80,4.00
2007.11.08 23:04:35.940,2.37335,2.37395,8.80,4.00
2007.11.08 23:04:36.015,2.37335,2.37395,8.80,4.00
2007.11.08 23:04:36.088,2.37335,2.37395,8.80,4.00
2007.11.08 23:04:36.160,2.37335,2.37395,8.80,4.00
2007.11.08 23:04:36.232,2.37335,2.37395,8.80,4.00
2007.11.08 23:04:36.304,2.37335,2.37395,8.80,4.00
2007.11.08 23:04:36.377,2.37335,2.37395,8.80,4.00
2007.11.08 23:04:36.450,2.37335,2.37395,8.80,4.00
2007.11.08 23:04:36.783,2.37335,2.37395,8.80,4.00
2007.11.08 23:04:37.116,2.37335,2.37395,9.30,4.00
2007.11.08 23:04:37.449,2.37345,2.37415,0.80,4.00
2007.11.08 23:04:37.783,2.37345,2.37415,0.80,4.00
2007.11.08 23:04:38.116,2.37345,2.37415,0.80,4.00
2007.11.08 23:04:38.449,2.37345,2.37415,0.80,4.00
2007.11.08 23:04:38.571,2.37345,2.37415,0.80,4.00
2007.11.08 23:04:38.694,2.37345,2.37415,0.80,4.00
2007.11.08 23:04:38.816,2.37345,2.37415,0.80,4.00
2007.11.08 23:04:38.940,2.37345,2.37415,0.80,4.00
2007.11.08 23:04:39.063,2.37345,2.37415,0.80,4.00
2007.11.08 23:04:39.185,2.37345,2.37415,0.80,4.00
2007.11.08 23:04:39.308,2.37345,2.37415,0.80,4.00
2007.11.08 23:04:39.431,2.37345,2.37415,0.80,4.00
2007.11.08 23:04:39.553,2.37345,2.37415,0.80,4.00
2007.11.08 23:04:39.886,2.37345,2.37415,0.80,4.00
2007.11.08 23:04:40.219,2.37345,2.37415,0.80,4.00
2007.11.08 23:04:40.608,2.37345,2.37415,0.80,4.00
2007.11.08 23:04:40.650,2.37345,2.37415,0.80,4.00
2007.11.08 23:04:40.692,2.37345,2.37415,0.80,4.00
2007.11.08 23:04:40.734,2.37345,2.37415,0.80,4.00
2007.11.08 23:04:40.777,2.37345,2.37415,0.80,4.00
2007.11.08 23:04:40.820,2.37345,2.37415,0.80,4.00
2007.11.08 23:04:40.864,2.37345,2.37415,0.80,4.00
2007.11.08 23:04:40.906,2.37345,2.37415,0.80,4.00
2007.11.08 23:04:40.948,2.37345,2.37415,0.80,4.00
2007.11.08 23:04:40.991,2.37345,2.37415,0.80,4.00
2007.11.08 23:04:41.033,2.37345,2.37415,0.80,4.00
2007.11.08 23:04:41.076,2.37345,2.37415,0.80,4.00
2007.11.08 23:04:41.119,2.37345,2.37415,0.80,4.00
2007.11.08 23:04:41.163,2.37345,2.37415,0.80,4.00
2007.11.08 23:04:41.204,2.37345,2.37415,0.80,4.00
2007.11.08 23:04:41.247,2.37345,2.37415,0.80,4.00
2007.11.08 23:04:41.290,2.37345,2.37415,0.80,4.00
2007.11.08 23:04:41.332,2.37345,2.37415,0.80,4.00
2007.11.08 23:04:41.375,2.37345,2.37415,0.80,4.00
2007.11.08 23:04:41.418,2.37345,2.37415,0.80,4.00
2007.11.08 23:04:41.462,2.37345,2.37415,0.80,4.00
2007.11.08 23:04:41.504,2.37345,2.37415,0.80,4.00
2007.11.08 23:04:41.546,2.37345,2.37415,0.80,4.00
2007.11.08 23:04:41.588,2.37345,2.37415,0.80,4.00
2007.11.08 23:04:41.630,2.37345,2.37415,0.80,4.00
2007.11.08 23:04:41.961,2.37345,2.37415,0.80,4.00
2007.11.08 23:04:42.323,2.37345,2.37415,0.80,4.00
2007.11.08 23:04:42.655,2.37345,2.37415,0.20,4.00
2007.11.08 23:04:42.988,2.37345,2.37415,0.20,4.00
2007.11.08 23:04:43.320,2.37345,2.37415,0.20,4.00
2007.11.08 23:04:43.652,2.37345,2.37415,0.20,4.00
2007.11.08 23:04:43.985,2.37345,2.37415,0.20,4.00
2007.11.08 23:04:44.317,2.37345,2.37415,0.20,4.00
2007.11.08 23:04:44.652,2.37345,2.37415,0.20,4.00
2007.11.08 23:04:44.984,2.37345,2.37415,0.20,4.00
2007.11.08 23:04:45.041,2.37345,2.37415,0.20,4.00
2007.11.08 23:04:45.099,2.37345,2.37415,0.20,4.00
2007.11.08 23:04:45.157,2.37345,2.37415,0.20,4.00
2007.11.08 23:04:45.215,2.37345,2.37415,0.20,4.00
2007.11.08 23:04:45.273,2.37345,2.37415,0.20,4.00
2007.11.08 23:04:45.330,2.37345,2.37415,0.20,4.00
2007.11.08 23:04:45.389,2.37345,2.37415,0.20,4.00
2007.11.08 23:04:45.447,2.37345,2.37415,0.20,4.00
2007.11.08 23:04:45.505,2.37345,2.37415,0.20,4.00
2007.11.08 23:04:45.563,2.37345,2.37415,0.20,4.00
2007.11.08 23:04:45.620,2.37345,2.37415,0.20,4.00
2007.11.08 23:04:45.678,2.37345,2.37415,0.20,4.00
2007.11.08 23:04:45.900,2.37345,2.37415,0.20,4.00
2007.11.08 23:04:46.122,2.37345,2.37415,0.20,4.00
2007.11.08 23:04:46.346,2.37345,2.37415,0.20,4.00
2007.11.08 23:04:46.569,2.37345,2.37415,0.20,4.00
2007.11.08 23:04:46.795,2.37345,2.37415,0.20,4.00
2007.11.08 23:04:46.872,2.37345,2.37415,0.20,4.00
2007.11.08 23:04:46.948,2.37345,2.37415,0.20,4.00
2007.11.08 23:04:47.026,2.37345,2.37415,0.20,4.00
2007.11.08 23:04:47.104,2.37345,2.37415,0.20,4.00
2007.11.08 23:04:47.182,2.37345,2.37415,0.20,4.00
2007.11.08 23:04:47.260,2.37345,2.37415,0.20,4.00
2007.11.08 23:04:47.344,2.37345,2.37415,0.20,4.00
2007.11.08 23:04:47.421,2.37345,2.37415,0.20,4.00
2007.11.08 23:04:47.499,2.37345,2.37415,0.20,4.00
2007.11.08 23:04:47.576,2.37345,2.37415,0.20,4.00
2007.11.08 23:04:47.654,2.37345,2.37415,0.20,4.00
2007.11.08 23:04:47.732,2.37345,2.37415,0.20,4.00
2007.11.08 23:04:47.810,2.37345,2.37415,0.20,4.00
2007.11.08 23:04:47.888,2.37345,2.37415,0.20,4.00
2007.11.08 23:04:48.220,2.37345,2.37415,0.20,4.00
2007.11.08 23:04:48.553,2.37345,2.37415,0.20,4.00
2007.11.08 23:04:48.885,2.37345,2.37415,0.20,4.00
2007.11.08 23:04:49.218,2.37345,2.37415,0.20,4.00
2007.11.08 23:04:49.550,2.37345,2.37415,0.20,4.00
2007.11.08 23:04:49.883,2.37345,2.37415,0.20,4.00
2007.11.08 23:04:49.965,2.37345,2.37415,0.20,4.00
2007.11.08 23:04:50.048,2.37345,2.37415,0.20,4.00
2007.11.08 23:04:50.131,2.37345,2.37415,0.20,4.00
2007.11.08 23:04:50.214,2.37345,2.37415,0.20,4.00
2007.11.08 23:04:50.298,2.37345,2.37415,0.20,4.00
2007.11.08 23:04:50.380,2.37345,2.37415,0.20,4.00
2007.11.08 23:04:50.463,2.37345,2.37415,0.20,4.00
2007.11.08 23:04:50.545,2.37345,2.37415,0.20,4.00
2007.11.08 23:04:50.628,2.37345,2.37415,0.20,4.00
2007.11.08 23:04:50.711,2.37345,2.37415,0.20,4.00
2007.11.08 23:04:50.794,2.37345,2.37415,0.20,4.00
2007.11.08 23:04:50.876,2.37345,2.37415,0.20,4.00
2007.11.08 23:04:50.959,2.37345,2.37415,0.20,4.00
2007.11.08 23:04:51.185,2.37345,2.37415,0.20,4.00
2007.11.08 23:04:51.413,2.37345,2.37415,0.20,4.00
2007.11.08 23:04:51.641,2.37345,2.37415,0.20,4.00
2007.11.08 23:04:51.869,2.37345,2.37415,0.20,4.00
2007.11.08 23:04:52.095,2.37345,2.37415,0.20,4.00
2007.11.08 23:04:52.427,2.37345,2.37415,0.20,4.00
2007.11.08 23:04:52.759,2.37345,2.37415,0.20,4.00
2007.11.08 23:04:53.092,2.37345,2.37415,0.20,4.00
2007.11.08 23:04:53.424,2.37345,2.37415,0.20,4.00
2007.11.08 23:04:53.756,2.37345,2.37415,0.20,4.00
2007.11.08 23:04:54.089,2.37345,2.37415,0.20,4.00
2007.11.08 23:04:54.422,2.37345,2.37415,0.20,4.00
2007.11.08 23:04:54.755,2.37345,2.37415,0.20,4.00
2007.11.08 23:04:55.087,2.37345,2.37415,0.20,4.00
2007.11.08 23:04:55.420,2.37345,2.37415,0.20,4.00
2007.11.08 23:04:55.542,2.37345,2.37415,0.20,4.00
2007.11.08 23:04:55.665,2.37345,2.37415,0.20,4.00
2007.11.08 23:04:55.788,2.37345,2.37415,0.20,4.00
2007.11.08 23:04:55.911,2.37345,2.37415,0.20,4.00
2007.11.08 23:04:56.034,2.37345,2.37415,0.20,4.00
2007.11.08 23:04:56.157,2.37345,2.37415,0.20,4.00
2007.11.08 23:04:56.269,2.37345,2.37415,0.20,4.00
2007.11.08 23:04:56.382,2.37345,2.37415,0.20,4.00
2007.11.08 23:04:56.495,2.37345,2.37415,0.20,4.00
2007.11.08 23:04:56.608,2.37345,2.37415,0.20,4.00
2007.11.08 23:04:56.721,2.37345,2.37415,0.20,4.00
2007.11.08 23:04:56.833,2.37345,2.37415,0.20,4.00
2007.11.08 23:04:56.945,2.37345,2.37415,0.20,4.00
2007.11.08 23:04:57.058,2.37345,2.37415,0.20,4.00
2007.11.08 23:04:57.171,2.37345,2.37415,0.20,4.00
2007.11.08 23:04:57.334,2.37345,2.37415,0.20,4.00
2007.11.08 23:04:57.497,2.37345,2.37415,0.20,4.00
2007.11.08 23:04:57.659,2.37345,2.37415,0.20,4.00
2007.11.08 23:04:57.822,2.37345,2.37415,0.20,4.00
2007.11.08 23:04:57.986,2.37345,2.37415,0.20,4.00
2007.11.08 23:04:58.148,2.37345,2.37415,0.20,4.00
2007.11.08 23:04:58.325,2.37345,2.37415,0.20,4.00
2007.11.08 23:04:58.654,2.37345,2.37415,0.20,4.00
2007.11.08 23:04:59.136,2.37345,2.37415,0.20,4.00
2007.11.08 23:04:59.467,2.37345,2.37415,0.20,4.00
2007.11.08 23:04:59.799,2.37345,2.37415,0.20,4.00
2007.11.08 23:04:59.978,2.37345,2.37425,0.20,10.50
2007.11.08 23:05:00.131,2.37345,2.37415,0.20,4.00
2007.11.08 23:05:00.464,2.37345,2.37415,0.20,4.00
2007.11.08 23:05:00.797,2.37345,2.37415,0.20,4.00
2007.11.08 23:05:00.867,2.37345,2.37415,0.20,4.00
2007.11.08 23:05:00.935,2.37345,2.37415,0.20,4.00
2007.11.08 23:05:01.001,2.37345,2.37415,0.20,4.00
2007.11.08 23:05:01.068,2.37345,2.37415,0.20,4.00
2007.11.08 23:05:01.143,2.37345,2.37415,0.20,4.00
2007.11.08 23:05:01.204,2.37345,2.37415,0.20,4.00
2007.11.08 23:05:01.272,2.37345,2.37415,0.20,4.00
2007.11.08 23:05:01.340,2.37345,2.37415,0.20,4.00
2007.11.08 23:05:01.407,2.37345,2.37415,0.20,4.00
2007.11.08 23:05:01.474,2.37345,2.37415,0.20,4.00
2007.11.08 23:05:01.541,2.37345,2.37415,0.20,4.00
2007.11.08 23:05:01.875,2.37345,2.37415,0.20,4.00
2007.11.08 23:05:02.207,2.37345,2.37415,0.20,4.00
2007.11.08 23:05:02.541,2.37345,2.37415,0.20,4.00
2007.11.08 23:05:02.873,2.37345,2.37415,0.20,4.00
2007.11.08 23:05:03.205,2.37345,2.37415,0.20,4.00
2007.11.08 23:05:03.537,2.37345,2.37415,0.20,4.00
2007.11.08 23:05:03.871,2.37345,2.37415,0.20,4.00
2007.11.08 23:05:04.203,2.37345,2.37415,0.20,4.00
2007.11.08 23:05:04.536,2.37345,2.37415,0.20,4.00
2007.11.08 23:05:04.854,2.37345,2.37415,0.20,4.00
2007.11.08 23:05:05.305,2.37345,2.37415,0.20,4.00
2007.11.08 23:05:05.622,2.37345,2.37415,0.20,4.00
2007.11.08 23:05:05.680,2.37345,2.37415,0.20,4.00
2007.11.08 23:05:05.738,2.37345,2.37415,0.20,4.00
2007.11.08 23:05:05.796,2.37345,2.37415,0.20,4.00
2007.11.08 23:05:05.853,2.37345,2.37415,0.20,4.00
2007.11.08 23:05:05.910,2.37345,2.37415,0.20,4.00
2007.11.08 23:05:05.968,2.37345,2.37415,0.20,4.00
2007.11.08 23:05:06.026,2.37345,2.37415,0.20,4.00
2007.11.08 23:05:06.084,2.37345,2.37415,0.20,4.00
2007.11.08 23:05:06.141,2.37345,2.37415,0.20,4.00
2007.11.08 23:05:06.199,2.37345,2.37415,0.20,4.00
2007.11.08 23:05:06.257,2.37345,2.37415,0.20,4.00
2007.11.08 23:05:06.315,2.37345,2.37415,0.20,4.00
2007.11.08 23:05:06.372,2.37345,2.37415,0.20,4.00
2007.11.08 23:05:06.429,2.37345,2.37415,0.20,4.00
2007.11.08 23:05:06.487,2.37345,2.37415,0.20,4.00
2007.11.08 23:05:06.545,2.37345,2.37415,0.20,4.00
2007.11.08 23:05:06.603,2.37345,2.37415,0.20,4.00
2007.11.08 23:05:06.660,2.37345,2.37415,0.20,4.00
2007.11.08 23:05:06.918,2.37345,2.37415,0.20,4.00
2007.11.08 23:05:07.176,2.37345,2.37415,0.20,4.00
2007.11.08 23:05:07.434,2.37345,2.37415,0.20,4.00
2007.11.08 23:05:07.692,2.37345,2.37415,0.20,4.00
2007.11.08 23:05:08.024,2.37345,2.37415,0.20,4.00
2007.11.08 23:05:08.356,2.37345,2.37415,0.20,4.00
2007.11.08 23:05:08.690,2.37345,2.37415,0.60,4.00
2007.11.08 23:05:09.023,2.37355,2.37425,8.10,8.10
2007.11.08 23:05:09.357,2.37355,2.37415,8.10,4.00
2007.11.08 23:05:09.690,2.37355,2.37415,8.10,4.00
2007.11.08 23:05:10.023,2.37355,2.37415,8.10,4.00
2007.11.08 23:05:10.126,2.37355,2.37415,8.10,4.00
2007.11.08 23:05:10.228,2.37355,2.37415,8.10,4.00
2007.11.08 23:05:10.331,2.37355,2.37415,8.10,4.00
2007.11.08 23:05:10.434,2.37355,2.37415,8.10,4.00
2007.11.08 23:05:10.536,2.37355,2.37415,8.10,4.00
2007.11.08 23:05:10.638,2.37355,2.37415,8.10,4.00
2007.11.08 23:05:10.742,2.37355,2.37415,8.10,4.00
2007.11.08 23:05:10.845,2.37355,2.37415,8.10,4.00
2007.11.08 23:05:11.002,2.37355,2.37415,8.10,4.00
2007.11.08 23:05:11.165,2.37355,2.37415,8.10,4.00
2007.11.08 23:05:11.484,2.37355,2.37415,8.10,4.00
2007.11.08 23:05:11.490,2.37355,2.37415,8.10,4.00
2007.11.08 23:05:11.647,2.37355,2.37415,8.10,4.00
2007.11.08 23:05:11.804,2.37355,2.37415,8.10,4.00
2007.11.08 23:05:12.138,2.37355,2.37415,8.10,4.00
2007.11.08 23:05:12.471,2.37355,2.37415,8.10,4.00
2007.11.08 23:05:12.804,2.37355,2.37415,8.10,4.00
2007.11.08 23:05:13.137,2.37355,2.37415,8.10,4.00
2007.11.08 23:05:13.470,2.37355,2.37415,8.10,4.00
2007.11.08 23:05:13.802,2.37355,2.37415,8.10,4.00
2007.11.08 23:05:14.135,2.37355,2.37415,8.10,4.00
2007.11.08 23:05:14.468,2.37355,2.37415,8.10,4.00
2007.11.08 23:05:14.807,2.37355,2.37415,8.10,4.00
2007.11.08 23:05:15.139,2.37355,2.37415,8.10,4.00
2007.11.08 23:05:15.199,2.37355,2.37415,8.10,4.00
2007.11.08 23:05:15.258,2.37355,2.37415,8.10,4.00
2007.11.08 23:05:15.316,2.37355,2.37415,8.10,4.00
2007.11.08 23:05:15.374,2.37355,2.37415,8.10,4.00
2007.11.08 23:05:15.431,2.37355,2.37415,8.10,4.00
2007.11.08 23:05:15.489,2.37355,2.37415,8.10,4.00
2007.11.08 23:05:15.547,2.37355,2.37415,8.10,4.00
2007.11.08 23:05:15.606,2.37355,2.37415,8.10,4.00
2007.11.08 23:05:15.664,2.37355,2.37415,8.10,4.00
2007.11.08 23:05:15.722,2.37355,2.37415,8.10,4.00
2007.11.08 23:05:15.780,2.37355,2.37415,8.10,4.00
2007.11.08 23:05:15.837,2.37355,2.37415,8.10,4.00
2007.11.08 23:05:15.894,2.37355,2.37415,8.10,4.00
2007.11.08 23:05:15.959,2.37355,2.37415,8.10,4.00
2007.11.08 23:05:16.010,2.37355,2.37415,8.10,4.00
2007.11.08 23:05:16.068,2.37355,2.37415,8.10,4.00
2007.11.08 23:05:16.305,2.37355,2.37415,8.10,4.00
2007.11.08 23:05:16.544,2.37355,2.37415,8.10,4.00
2007.11.08 23:05:16.781,2.37355,2.37415,8.10,4.00
2007.11.08 23:05:17.024,2.37355,2.37415,8.10,4.00
2007.11.08 23:05:17.093,2.37355,2.37415,8.10,4.00
2007.11.08 23:05:17.161,2.37355,2.37415,8.10,4.00
2007.11.08 23:05:17.229,2.37355,2.37415,8.10,4.00
2007.11.08 23:05:17.335,2.37355,2.37415,8.10,4.00
2007.11.08 23:05:17.402,2.37355,2.37415,8.10,4.00
2007.11.08 23:05:17.469,2.37355,2.37415,8.10,4.00
2007.11.08 23:05:17.662,2.37355,2.37415,8.10,4.00
2007.11.08 23:05:17.728,2.37355,2.37415,8.10,4.00
2007.11.08 23:05:17.796,2.37355,2.37415,8.10,4.00
2007.11.08 23:05:17.864,2.37355,2.37415,8.10,4.00
2007.11.08 23:05:17.930,2.37355,2.37415,8.10,4.00
2007.11.08 23:05:17.999,2.37355,2.37415,8.10,4.00
2007.11.08 23:05:18.067,2.37355,2.37415,8.10,4.00
2007.11.08 23:05:18.401,2.37355,2.37415,8.10,4.00
2007.11.08 23:05:18.734,2.37355,2.37415,8.10,4.00
2007.11.08 23:05:19.067,2.37355,2.37415,8.10,4.00
2007.11.08 23:05:19.400,2.37355,2.37415,8.10,4.00
2007.11.08 23:05:19.733,2.37355,2.37415,8.10,4.00
2007.11.08 23:05:20.065,2.37355,2.37415,8.10,4.00
2007.11.08 23:05:20.398,2.37355,2.37415,8.10,4.00
2007.11.08 23:05:20.465,2.37355,2.37415,8.10,4.00
2007.11.08 23:05:20.532,2.37355,2.37415,8.10,4.00
2007.11.08 23:05:20.601,2.37355,2.37415,8.10,4.00
2007.11.08 23:05:20.668,2.37355,2.37415,8.10,4.00
2007.11.08 23:05:20.742,2.37355,2.37415,8.10,4.00
2007.11.08 23:05:20.812,2.37355,2.37415,8.10,4.00
2007.11.08 23:05:20.879,2.37355,2.37415,8.10,4.00
2007.11.08 23:05:20.948,2.37355,2.37415,8.10,4.00
2007.11.08 23:05:21.016,2.37355,2.37415,8.10,4.00
2007.11.08 23:05:21.084,2.37355,2.37415,8.10,4.00
2007.11.08 23:05:21.151,2.37355,2.37415,8.10,4.00
2007.11.08 23:05:21.390,2.37355,2.37415,8.10,4.00
2007.11.08 23:05:21.577,2.37355,2.37415,8.10,4.00
2007.11.08 23:05:21.765,2.37355,2.37415,10.50,4.00
2007.11.08 23:05:21.952,2.37355,2.37415,10.50,4.00
2007.11.08 23:05:22.140,2.37355,2.37415,10.50,4.00
2007.11.08 23:05:22.472,2.37355,2.37415,10.50,4.00
2007.11.08 23:05:22.805,2.37355,2.37415,10.50,4.00
2007.11.08 23:05:23.145,2.37355,2.37415,10.50,4.00
2007.11.08 23:05:23.476,2.37355,2.37415,10.50,4.00
2007.11.08 23:05:23.823,2.37355,2.37415,10.50,4.00
2007.11.08 23:05:24.154,2.37355,2.37415,10.50,4.00
2007.11.08 23:05:24.488,2.37355,2.37415,10.50,4.00
2007.11.08 23:05:24.820,2.37355,2.37415,10.50,4.00
2007.11.08 23:05:25.153,2.37355,2.37415,10.50,4.00
2007.11.08 23:05:25.485,2.37355,2.37415,10.50,4.00
2007.11.08 23:05:25.552,2.37355,2.37415,10.50,4.00
2007.11.08 23:05:25.621,2.37355,2.37415,10.50,4.00
2007.11.08 23:05:25.688,2.37355,2.37415,10.50,4.00
2007.11.08 23:05:25.756,2.37355,2.37415,10.50,4.00
2007.11.08 23:05:25.830,2.37355,2.37415,10.50,4.00
2007.11.08 23:05:25.893,2.37355,2.37415,10.50,4.00
2007.11.08 23:05:25.960,2.37355,2.37415,10.50,4.00
2007.11.08 23:05:26.027,2.37355,2.37415,10.50,4.00
2007.11.08 23:05:26.096,2.37355,2.37415,10.50,4.00
2007.11.08 23:05:26.163,2.37355,2.37415,10.50,4.00
2007.11.08 23:05:26.230,2.37355,2.37415,10.50,4.00
2007.11.08 23:05:26.433,2.37355,2.37415,10.50,4.00
2007.11.08 23:05:26.636,2.37355,2.37415,10.50,4.00
2007.11.08 23:05:26.839,2.37355,2.37415,10.50,4.00
2007.11.08 23:05:27.042,2.37355,2.37415,10.50,4.00
2007.11.08 23:05:27.244,2.37355,2.37415,10.50,4.00
2007.11.08 23:05:27.348,2.37355,2.37415,10.50,4.00
2007.11.08 23:05:27.424,2.37355,2.37415,10.50,4.00
2007.11.08 23:05:27.502,2.37355,2.37415,10.50,4.00
2007.11.08 23:05:27.581,2.37355,2.37415,10.50,4.00
2007.11.08 23:05:27.659,2.37355,2.37415,10.50,4.00
2007.11.08 23:05:27.736,2.37355,2.37415,10.50,4.00
2007.11.08 23:05:27.813,2.37355,2.37415,10.50,4.00
2007.11.08 23:05:27.891,2.37355,2.37415,10.50,4.00
2007.11.08 23:05:27.970,2.37355,2.37415,10.50,4.00
2007.11.08 23:05:28.048,2.37355,2.37415,10.50,4.00
2007.11.08 23:05:28.124,2.37355,2.37415,10.50,4.00
2007.11.08 23:05:28.203,2.37355,2.37415,10.50,4.00
2007.11.08 23:05:28.280,2.37355,2.37415,10.50,4.00
2007.11.08 23:05:28.635,2.37355,2.37415,10.50,4.00
2007.11.08 23:05:28.969,2.37355,2.37415,10.50,4.00
2007.11.08 23:05:29.303,2.37355,2.37415,10.50,4.00
2007.11.08 23:05:29.636,2.37355,2.37415,10.50,4.00
2007.11.08 23:05:29.994,2.37355,2.37415,10.50,4.00
2007.11.08 23:05:30.041,2.37355,2.37415,10.50,0.80
2007.11.08 23:05:30.327,2.37355,2.37415,8.00,4.00
2007.11.08 23:05:30.404,2.37355,2.37415,8.00,4.00
2007.11.08 23:05:30.483,2.37345,2.37415,0.20,4.00
2007.11.08 23:05:30.560,2.37345,2.37415,0.20,4.00
2007.11.08 23:05:30.637,2.37345,2.37415,0.20,4.00
2007.11.08 23:05:30.715,2.37345,2.37415,0.20,4.00
2007.11.08 23:05:30.794,2.37345,2.37415,0.20,4.00
2007.11.08 23:05:30.871,2.37345,2.37415,0.20,4.00
2007.11.08 23:05:30.948,2.37345,2.37415,0.20,8.00
2007.11.08 23:05:31.027,2.37345,2.37415,0.20,8.00
2007.11.08 23:05:31.104,2.37345,2.37415,0.20,8.00
2007.11.08 23:05:31.182,2.37345,2.37415,0.20,8.00
2007.11.08 23:05:31.259,2.37345,2.37415,0.20,8.00
2007.11.08 23:05:31.337,2.37345,2.37415,0.20,8.00
2007.11.08 23:05:31.569,2.37345,2.37415,0.20,8.00
2007.11.08 23:05:31.801,2.37345,2.37415,0.20,8.00
2007.11.08 23:05:32.033,2.37345,2.37415,0.20,8.00
2007.11.08 23:05:32.265,2.37345,2.37415,0.20,8.00
2007.11.08 23:05:32.498,2.37345,2.37415,0.20,8.00
2007.11.08 23:05:32.830,2.37345,2.37415,0.20,8.00
2007.11.08 23:05:33.163,2.37345,2.37415,0.20,8.00
2007.11.08 23:05:33.496,2.37345,2.37415,0.20,8.00
2007.11.08 23:05:33.612,2.37345,2.37415,0.20,8.00
2007.11.08 23:05:33.722,2.37345,2.37415,0.20,8.00
2007.11.08 23:05:33.835,2.37345,2.37415,0.20,8.00
2007.11.08 23:05:33.948,2.37345,2.37415,0.20,8.00
2007.11.08 23:05:34.060,2.37345,2.37415,0.20,8.00
2007.11.08 23:05:34.173,2.37345,2.37415,0.20,8.00
2007.11.08 23:05:34.286,2.37345,2.37415,0.20,8.00
2007.11.08 23:05:34.400,2.37345,2.37415,0.20,8.00
2007.11.08 23:05:34.732,2.37345,2.37415,0.20,8.00
2007.11.08 23:05:35.065,2.37345,2.37415,0.20,8.00
2007.11.08 23:05:35.398,2.37345,2.37415,0.20,8.00
2007.11.08 23:05:35.731,2.37345,2.37415,0.20,8.00
2007.11.08 23:05:35.849,2.37345,2.37415,0.20,8.00
2007.11.08 23:05:35.966,2.37345,2.37415,0.20,8.00
2007.11.08 23:05:36.202,2.37345,2.37415,0.20,8.00
2007.11.08 23:05:36.319,2.37345,2.37415,0.20,8.00
2007.11.08 23:05:36.436,2.37345,2.37415,0.20,8.00
2007.11.08 23:05:36.579,2.37345,2.37415,0.20,8.00
2007.11.08 23:05:36.721,2.37345,2.37415,0.20,8.00
2007.11.08 23:05:36.865,2.37345,2.37415,0.20,8.00
2007.11.08 23:05:37.009,2.37345,2.37415,0.20,8.00
2007.11.08 23:05:37.151,2.37345,2.37415,0.20,8.00
2007.11.08 23:05:37.338,2.37345,2.37415,0.20,8.00
2007.11.08 23:05:37.481,2.37345,2.37415,0.20,8.00
2007.11.08 23:05:37.813,2.37345,2.37415,0.20,8.00
2007.11.08 23:05:38.145,2.37345,2.37415,0.20,8.00
2007.11.08 23:05:38.479,2.37345,2.37415,0.20,8.00
2007.11.08 23:05:38.587,2.37345,2.37415,0.20,8.00
2007.11.08 23:05:38.696,2.37345,2.37415,0.20,8.00
2007.11.08 23:05:38.804,2.37345,2.37415,0.20,8.00
2007.11.08 23:05:38.911,2.37345,2.37415,0.20,8.00
2007.11.08 23:05:39.018,2.37345,2.37415,0.20,8.00
2007.11.08 23:05:39.126,2.37345,2.37415,0.20,8.00
2007.11.08 23:05:39.233,2.37345,2.37415,0.20,8.00
2007.11.08 23:05:39.341,2.37345,2.37415,0.20,8.00
2007.11.08 23:05:39.448,2.37345,2.37415,0.20,8.00
2007.11.08 23:05:39.556,2.37345,2.37415,0.20,8.00
2007.11.08 23:05:39.663,2.37345,2.37415,0.20,8.00
2007.11.08 23:05:39.996,2.37345,2.37415,0.20,8.00
2007.11.08 23:05:40.330,2.37345,2.37415,0.20,8.00
2007.11.08 23:05:40.663,2.37345,2.37415,0.20,8.00
2007.11.08 23:05:40.746,2.37345,2.37415,0.20,8.00
2007.11.08 23:05:40.830,2.37345,2.37415,0.20,8.00
2007.11.08 23:05:40.912,2.37345,2.37415,0.20,8.00
2007.11.08 23:05:40.994,2.37345,2.37415,0.20,8.00
2007.11.08 23:05:41.077,2.37345,2.37415,0.20,8.00
2007.11.08 23:05:41.160,2.37345,2.37415,0.20,8.00
2007.11.08 23:05:41.242,2.37345,2.37415,0.20,8.00
2007.11.08 23:05:41.325,2.37345,2.37415,0.20,8.00
2007.11.08 23:05:41.408,2.37345,2.37415,0.20,8.00
2007.11.08 23:05:41.491,2.37345,2.37415,0.20,8.00
2007.11.08 23:05:41.573,2.37345,2.37415,0.20,8.00
2007.11.08 23:05:41.761,2.37345,2.37415,0.20,8.00
2007.11.08 23:05:41.948,2.37345,2.37415,0.20,8.00
2007.11.08 23:05:42.136,2.37345,2.37415,0.20,8.00
2007.11.08 23:05:42.423,2.37345,2.37415,0.20,8.00
2007.11.08 23:05:42.611,2.37345,2.37415,0.20,8.00
2007.11.08 23:05:42.944,2.37345,2.37415,0.20,8.00
2007.11.08 23:05:43.277,2.37345,2.37415,0.20,8.00
2007.11.08 23:05:43.610,2.37345,2.37415,0.20,8.00
2007.11.08 23:05:43.892,2.37345,2.37415,0.20,8.00
2007.11.08 23:05:44.175,2.37345,2.37415,0.20,8.00
2007.11.08 23:05:44.458,2.37345,2.37415,0.20,8.00
2007.11.08 23:05:44.741,2.37345,2.37415,0.20,8.00
2007.11.08 23:05:45.074,2.37345,2.37415,0.20,8.00
2007.11.08 23:05:45.406,2.37345,2.37415,0.20,8.00
2007.11.08 23:05:45.740,2.37345,2.37415,0.20,8.00
2007.11.08 23:05:45.814,2.37345,2.37415,0.20,8.00
2007.11.08 23:05:45.886,2.37345,2.37415,0.20,8.00
2007.11.08 23:05:45.959,2.37345,2.37415,0.20,8.00
2007.11.08 23:05:46.038,2.37345,2.37415,0.20,8.00
2007.11.08 23:05:46.105,2.37345,2.37415,0.20,8.00
2007.11.08 23:05:46.177,2.37345,2.37415,0.20,8.00
2007.11.08 23:05:46.251,2.37345,2.37415,0.20,8.00
2007.11.08 23:05:46.324,2.37345,2.37415,0.20,8.00
2007.11.08 23:05:46.396,2.37345,2.37415,0.20,8.00
2007.11.08 23:05:46.469,2.37345,2.37415,0.20,8.00
2007.11.08 23:05:46.541,2.37345,2.37415,0.20,8.00
2007.11.08 23:05:46.614,2.37345,2.37415,0.20,8.00
2007.11.08 23:05:46.687,2.37345,2.37415,0.20,8.00
2007.11.08 23:05:46.759,2.37345,2.37415,0.20,8.00
2007.11.08 23:05:47.017,2.37345,2.37415,0.20,8.00
