2007.11.19 22:00:03.514,2.2499,2.251,1.60,1.60
2007.11.19 22:00:04.313,2.2497,2.2516,3.70,3.70
2007.11.19 22:00:07.120,2.2495,2.2514,3.70,3.70
2007.11.19 22:00:09.176,2.2495,2.2515,3.70,3.70
2007.11.19 22:00:12.295,2.2496,2.2516,3.70,3.70
2007.11.19 22:00:12.904,2.2497,2.2516,3.70,3.70
2007.11.19 22:00:13.812,2.2499,2.2518,3.70,3.70
2007.11.19 22:00:14.544,2.2499,2.2518,3.70,3.70
2007.11.19 22:00:17.582,2.2497,2.2516,3.70,3.70
2007.11.19 22:00:19.125,2.2496,2.2512,3.70,3.70
2007.11.19 22:00:19.239,2.2493,2.2509,3.70,3.70
2007.11.19 22:00:19.365,2.2496,2.2505,2.40,2.40
2007.11.19 22:00:21.201,2.2496,2.2505,2.40,2.40
2007.11.19 22:00:21.294,2.2498,2.2507,2.40,2.40
2007.11.19 22:00:25.179,2.2498,2.2506,2.40,2.40
2007.11.19 22:00:25.579,2.2498,2.2506,2.40,2.40
2007.11.19 22:00:27.838,2.2498,2.2506,6.10,2.40
2007.11.19 22:00:27.885,2.2503,2.251,2.40,2.40
2007.11.19 22:00:28.250,2.2503,2.251,2.40,2.40
2007.11.19 22:00:28.296,2.2503,2.2511,2.40,2.40
2007.11.19 22:00:29.714,2.2503,2.2511,2.40,2.40
2007.11.19 22:00:29.808,2.2505,2.2512,2.40,2.40
2007.11.19 22:00:30.143,2.2505,2.2512,2.40,2.40
2007.11.19 22:00:30.830,2.2501,2.251,6.10,2.40
2007.11.19 22:00:31.007,2.2501,2.251,2.40,2.40
2007.11.19 22:00:32.398,2.2501,2.251,1.60,2.40
2007.11.19 22:00:32.701,2.2499,2.251,1.10,2.40
2007.11.19 22:00:32.809,2.2496,2.251,6.10,2.40
2007.11.19 22:00:33.209,2.2496,2.2507,6.10,2.40
2007.11.19 22:00:33.296,2.2498,2.2507,0.80,2.40
2007.11.19 22:00:33.383,2.2494,2.2507,6.10,2.40
2007.11.19 22:00:34.172,2.2497,2.2507,2.40,2.40
2007.11.19 22:00:34.305,2.2497,2.2507,6.10,2.40
2007.11.19 22:00:34.438,2.2497,2.251,6.10,2.40
2007.11.19 22:00:34.697,2.25,2.251,1.40,2.40
2007.11.19 22:00:34.829,2.2494,2.2507,6.10,2.40
2007.11.19 22:00:36.607,2.2494,2.2507,6.10,2.40
2007.11.19 22:00:37.100,2.2495,2.2507,6.10,2.40
2007.11.19 22:00:37.302,2.2495,2.2507,6.10,2.40
2007.11.19 22:00:38.724,2.2496,2.2507,6.10,2.40
2007.11.19 22:00:38.796,2.2496,2.251,6.10,2.40
2007.11.19 22:00:39.127,2.2499,2.251,0.70,2.40
2007.11.19 22:00:39.235,2.2495,2.2507,6.10,2.40
2007.11.19 22:00:39.751,2.2498,2.2507,1.60,2.40
2007.11.19 22:00:39.854,2.2496,2.2507,6.10,2.40
2007.11.19 22:00:42.248,2.2495,2.2507,6.10,2.40
2007.11.19 22:00:42.361,2.2495,2.2507,6.10,2.40
2007.11.19 22:00:42.673,2.2494,2.2507,6.10,2.40
2007.11.19 22:00:42.786,2.2498,2.2505,1.00,2.40
2007.11.19 22:00:47.877,2.2498,2.2505,0.70,2.40
2007.11.19 22:00:49.210,2.2494,2.2507,6.10,2.40
2007.11.19 22:00:49.402,2.2498,2.2507,1.50,2.40
2007.11.19 22:00:50.689,2.2494,2.2507,6.10,2.40
2007.11.19 22:00:50.775,2.2494,2.2505,6.10,2.40
2007.11.19 22:00:51.193,2.2498,2.2507,0.80,2.40
2007.11.19 22:00:51.275,2.2498,2.2507,0.50,2.40
2007.11.19 22:00:52.138,2.2498,2.2507,1.20,6.10
2007.11.19 22:00:52.271,2.2491,2.2504,6.10,2.40
2007.11.19 22:00:56.426,2.2491,2.2504,6.10,1.60
2007.11.19 22:00:57.601,2.2491,2.2504,6.10,1.60
2007.11.19 22:00:58.686,2.2494,2.2504,6.10,1.60
2007.11.19 22:00:58.860,2.2497,2.2507,1.30,1.60
2007.11.19 22:00:59.287,2.2494,2.2505,6.10,1.60
2007.11.19 22:00:59.475,2.2495,2.2505,1.20,1.60
2007.11.19 22:01:03.234,2.2495,2.2505,2.40,1.60
2007.11.19 22:01:03.341,2.2496,2.2505,2.40,1.60
2007.11.19 22:01:04.003,2.2496,2.2505,2.40,1.60
2007.11.19 22:01:05.208,2.2496,2.2505,2.40,1.60
2007.11.19 22:01:05.411,2.2496,2.2507,2.40,1.60
2007.11.19 22:01:06.771,2.2498,2.2507,2.40,1.60
2007.11.19 22:01:06.891,2.2498,2.2507,2.40,1.60
2007.11.19 22:01:07.702,2.2498,2.2507,2.40,1.60
2007.11.19 22:01:09.017,2.2498,2.2507,2.40,1.60
2007.11.19 22:01:09.033,2.2498,2.2507,2.40,0.90
2007.11.19 22:01:09.930,2.2498,2.2507,2.40,0.80
2007.11.19 22:01:13.715,2.2498,2.2509,2.40,5.30
2007.11.19 22:01:13.802,2.2496,2.2505,2.40,0.90
2007.11.19 22:01:14.022,2.2496,2.2505,2.40,0.90
2007.11.19 22:01:15.262,2.2496,2.2505,2.40,0.90
2007.11.19 22:01:15.479,2.2496,2.2508,2.40,5.30
2007.11.19 22:01:16.185,2.2496,2.2509,2.40,5.30
2007.11.19 22:01:16.334,2.2496,2.2509,2.40,5.30
2007.11.19 22:01:16.738,2.2496,2.2509,2.40,6.10
2007.11.19 22:01:17.239,2.2496,2.2505,2.40,0.70
2007.11.19 22:01:17.797,2.2496,2.2509,2.40,6.10
2007.11.19 22:01:19.017,2.2496,2.2509,2.40,6.10
2007.11.19 22:01:20.963,2.2496,2.2509,2.40,6.10
2007.11.19 22:01:21.691,2.2496,2.2509,2.40,6.10
2007.11.19 22:01:23.111,2.2496,2.2509,2.40,6.10
2007.11.19 22:01:24.014,2.2496,2.2505,2.40,0.70
2007.11.19 22:01:26.687,2.2496,2.2505,2.40,0.90
2007.11.19 22:01:27.340,2.2496,2.2509,2.40,6.10
2007.11.19 22:01:27.914,2.2496,2.2509,2.40,6.10
2007.11.19 22:01:29.017,2.2496,2.2509,2.40,6.10
2007.11.19 22:01:31.680,2.2496,2.2505,2.40,0.70
2007.11.19 22:01:31.987,2.2496,2.2505,2.40,0.90
2007.11.19 22:01:34.017,2.2496,2.2509,2.40,6.10
2007.11.19 22:01:36.691,2.2496,2.2505,2.40,0.50
2007.11.19 22:01:37.444,2.2496,2.2509,2.40,6.10
2007.11.19 22:01:38.023,2.2496,2.2509,2.40,6.10
2007.11.19 22:01:38.304,2.2496,2.2508,2.40,6.10
2007.11.19 22:01:38.689,2.2496,2.2509,2.40,6.10
2007.11.19 22:01:38.852,2.2496,2.2505,2.40,0.90
2007.11.19 22:01:39.026,2.2496,2.2505,2.40,0.70
2007.11.19 22:01:39.436,2.2495,2.2505,2.40,0.80
2007.11.19 22:01:41.689,2.2495,2.2509,2.40,6.10
2007.11.19 22:01:43.265,2.2495,2.2505,2.40,0.80
2007.11.19 22:01:44.022,2.2495,2.2509,2.40,6.10
2007.11.19 22:01:46.702,2.2495,2.2505,2.40,0.80
2007.11.19 22:01:47.558,2.2495,2.2509,2.40,6.10
2007.11.19 22:01:48.116,2.2495,2.2505,2.40,0.60
2007.11.19 22:01:49.029,2.2495,2.2509,2.40,6.10
2007.11.19 22:01:51.809,2.2495,2.2509,2.40,6.10
2007.11.19 22:01:54.035,2.2495,2.2505,2.40,0.80
2007.11.19 22:01:54.248,2.2495,2.2508,2.40,6.10
2007.11.19 22:01:54.315,2.2496,2.2508,2.40,6.10
2007.11.19 22:01:56.808,2.2496,2.2508,2.40,6.10
2007.11.19 22:01:57.255,2.2496,2.2503,2.40,0.50
2007.11.19 22:01:57.383,2.2496,2.2509,2.40,6.10
2007.11.19 22:01:57.641,2.2496,2.2509,2.40,6.10
2007.11.19 22:01:58.217,2.2496,2.2505,2.40,2.40
2007.11.19 22:01:59.027,2.2496,2.2505,2.40,2.40
2007.11.19 22:02:01.804,2.2496,2.2505,2.40,2.40
2007.11.19 22:02:02.712,2.2498,2.2505,2.40,2.40
2007.11.19 22:02:02.946,2.2498,2.2505,2.40,2.40
2007.11.19 22:02:04.035,2.2498,2.2505,2.40,2.40
2007.11.19 22:02:04.790,2.2496,2.2505,2.40,2.40
2007.11.19 22:02:04.869,2.2496,2.2505,2.40,2.40
2007.11.19 22:02:05.324,2.2496,2.2505,2.40,2.40
2007.11.19 22:02:06.814,2.2496,2.2505,2.40,2.40
2007.11.19 22:02:07.866,2.2496,2.2505,2.40,2.40
2007.11.19 22:02:08.317,2.2496,2.2505,2.40,2.40
2007.11.19 22:02:09.033,2.2496,2.2505,2.40,2.40
2007.11.19 22:02:11.805,2.2496,2.2505,2.40,2.40
2007.11.19 22:02:14.033,2.2496,2.2505,2.40,2.40
2007.11.19 22:02:16.365,2.2496,2.2505,2.40,2.40
2007.11.19 22:02:16.738,2.2496,2.2505,2.40,1.60
2007.11.19 22:02:16.816,2.2496,2.2505,2.40,1.60
2007.11.19 22:02:17.842,2.2496,2.2505,2.40,1.60
2007.11.19 22:02:18.423,2.2496,2.2505,2.40,1.60
2007.11.19 22:02:19.042,2.2496,2.2505,2.40,1.60
2007.11.19 22:02:21.806,2.2496,2.2505,2.40,1.60
2007.11.19 22:02:24.139,2.2496,2.2505,2.40,1.60
2007.11.19 22:02:26.809,2.2496,2.2505,2.40,1.60
2007.11.19 22:02:27.373,2.2496,2.2505,2.40,1.60
2007.11.19 22:02:27.936,2.2496,2.2505,2.40,1.60
2007.11.19 22:02:28.521,2.2496,2.2505,2.40,1.60
2007.11.19 22:02:29.140,2.2496,2.2505,2.40,1.60
2007.11.19 22:02:30.332,2.2496,2.2505,2.40,0.90
2007.11.19 22:02:31.817,2.2496,2.2509,2.40,5.30
2007.11.19 22:02:34.135,2.2496,2.2505,2.40,0.80
2007.11.19 22:02:36.814,2.2496,2.25075,2.40,2.00
2007.11.19 22:02:38.052,2.2496,2.25075,2.40,2.00
2007.11.19 22:02:38.658,2.2496,2.2505,2.40,0.80
2007.11.19 22:02:39.136,2.2496,2.25075,2.40,2.00
2007.11.19 22:02:41.825,2.2496,2.2505,2.40,0.80
2007.11.19 22:02:44.129,2.2496,2.25075,2.40,2.00
2007.11.19 22:02:54.246,2.2494,2.251,3.70,0.60
2007.11.19 22:02:54.284,2.2496,2.251,2.40,5.30
2007.11.19 22:02:55.710,2.2496,2.2507,6.10,0.90
2007.11.19 22:02:56.003,2.25,2.2512,2.40,5.30
2007.11.19 22:02:56.822,2.25,2.2512,2.40,5.30
2007.11.19 22:02:57.124,2.2499,2.2507,2.40,0.90
2007.11.19 22:02:57.690,2.2499,2.2507,2.40,1.60
2007.11.19 22:02:57.918,2.2495,2.2507,2.40,1.60
2007.11.19 22:02:58.202,2.2495,2.2507,2.40,1.60
2007.11.19 22:02:58.315,2.2495,2.2505,2.40,1.60
2007.11.19 22:02:58.817,2.2495,2.2505,2.40,1.60
2007.11.19 22:02:59.145,2.2495,2.2505,2.40,1.60
2007.11.19 22:02:59.602,2.2496,2.2505,2.40,1.60
2007.11.19 22:03:00.726,2.2496,2.2505,2.40,1.60
2007.11.19 22:03:01.203,2.2496,2.2505,2.40,1.60
2007.11.19 22:03:01.370,2.2498,2.2505,2.40,1.60
2007.11.19 22:03:01.693,2.2494,2.2505,6.10,1.60
2007.11.19 22:03:01.831,2.2498,2.2505,1.50,1.60
2007.11.19 22:03:04.137,2.2494,2.2505,6.10,1.60
2007.11.19 22:03:06.830,2.2494,2.2505,6.10,1.60
2007.11.19 22:03:08.355,2.2494,2.2505,6.10,1.60
2007.11.19 22:03:08.930,2.2494,2.2505,6.10,1.60
2007.11.19 22:03:09.153,2.2498,2.2505,1.00,1.60
2007.11.19 22:03:10.143,2.2494,2.2505,6.10,1.60
2007.11.19 22:03:10.411,2.2493,2.2505,6.10,1.60
2007.11.19 22:03:11.748,2.2493,2.2505,6.10,1.60
2007.11.19 22:03:11.828,2.2496,2.2505,1.10,1.60
2007.11.19 22:03:13.968,2.2491,2.2505,6.10,1.60
2007.11.19 22:03:14.013,2.2489,2.2505,6.10,1.60
2007.11.19 22:03:14.139,2.2491,2.2505,0.50,1.60
2007.11.19 22:03:15.738,2.2491,2.2505,0.90,1.60
2007.11.19 22:03:15.901,2.2491,2.2503,1.10,1.60
2007.11.19 22:03:16.827,2.2488,2.2503,6.10,1.60
2007.11.19 22:03:17.134,2.2488,2.2503,6.10,2.40
2007.11.19 22:03:18.453,2.2491,2.2503,1.00,2.40
2007.11.19 22:03:19.094,2.2488,2.2503,6.10,2.40
2007.11.19 22:03:19.148,2.2488,2.2503,6.10,2.40
2007.11.19 22:03:19.247,2.2489,2.2503,6.10,2.40
2007.11.19 22:03:19.318,2.2491,2.2505,0.80,2.40
2007.11.19 22:03:19.651,2.2488,2.2502,6.10,2.40
2007.11.19 22:03:19.984,2.249,2.2503,6.10,2.40
2007.11.19 22:03:21.846,2.2493,2.2503,0.80,2.40
2007.11.19 22:03:22.789,2.249,2.2503,6.10,2.40
2007.11.19 22:03:22.992,2.2494,2.2503,1.00,2.40
2007.11.19 22:03:23.715,2.249,2.2501,6.10,2.40
2007.11.19 22:03:24.152,2.2494,2.2501,1.40,2.40
2007.11.19 22:03:26.828,2.249,2.2501,6.10,2.40
2007.11.19 22:03:27.010,2.249,2.2501,6.10,2.40
2007.11.19 22:03:28.542,2.249,2.2501,6.10,2.40
2007.11.19 22:03:29.146,2.249,2.2501,6.10,2.40
2007.11.19 22:03:31.840,2.2493,2.2501,2.40,2.40
2007.11.19 22:03:34.043,2.2493,2.2501,0.50,2.40
2007.11.19 22:03:34.067,2.2493,2.2501,0.70,2.40
2007.11.19 22:03:34.157,2.2493,2.2501,0.50,2.40
2007.11.19 22:03:36.837,2.2493,2.2501,2.40,2.40
2007.11.19 22:03:38.655,2.2493,2.2501,2.40,2.40
2007.11.19 22:03:39.160,2.2493,2.2501,2.40,2.40
2007.11.19 22:03:41.854,2.2493,2.2501,2.40,2.40
2007.11.19 22:03:44.165,2.2493,2.2501,2.40,2.40
2007.11.19 22:03:45.089,2.2493,2.2501,2.40,2.40
2007.11.19 22:03:46.848,2.2493,2.2501,2.40,2.40
2007.11.19 22:03:48.746,2.2493,2.2501,2.40,2.40
2007.11.19 22:03:49.162,2.2493,2.2501,2.40,2.40
2007.11.19 22:03:49.385,2.2493,2.2501,2.40,2.40
2007.11.19 22:03:51.853,2.2493,2.2501,2.40,2.40
2007.11.19 22:03:52.774,2.2493,2.2503,2.40,2.40
2007.11.19 22:03:53.092,2.2494,2.2503,2.40,2.40
2007.11.19 22:03:53.260,2.2494,2.2503,3.20,2.40
2007.11.19 22:03:53.428,2.2494,2.2503,3.20,2.40
2007.11.19 22:03:54.161,2.2494,2.2503,3.20,2.40
2007.11.19 22:03:56.133,2.2494,2.2503,3.20,2.40
2007.11.19 22:03:56.865,2.2494,2.2503,3.20,2.40
2007.11.19 22:03:58.849,2.2494,2.2503,3.20,2.40
2007.11.19 22:03:59.163,2.2494,2.2503,3.20,2.40
2007.11.19 22:03:59.491,2.2494,2.2503,3.20,2.40
2007.11.19 22:04:01.852,2.2494,2.2503,3.20,2.40
2007.11.19 22:04:03.268,2.2494,2.2501,3.20,2.40
2007.11.19 22:04:04.164,2.2494,2.2501,3.20,2.40
2007.11.19 22:04:04.544,2.2494,2.2501,3.20,2.40
2007.11.19 22:04:04.809,2.2494,2.2501,2.40,2.40
2007.11.19 22:04:06.860,2.2494,2.2501,2.40,2.40
2007.11.19 22:04:07.152,2.2494,2.2501,2.40,2.40
2007.11.19 22:04:08.948,2.2494,2.2501,2.40,2.40
2007.11.19 22:04:09.166,2.2494,2.2501,2.40,2.40
2007.11.19 22:04:09.592,2.2494,2.2501,2.40,2.40
2007.11.19 22:04:11.859,2.2494,2.2501,2.40,2.40
2007.11.19 22:04:12.218,2.2494,2.2501,2.40,2.40
2007.11.19 22:04:12.287,2.2494,2.2502,2.40,3.20
2007.11.19 22:04:12.330,2.2494,2.2502,2.40,2.40
2007.11.19 22:04:14.187,2.2494,2.2502,2.40,2.40
2007.11.19 22:04:16.000,2.2493,2.25,0.80,2.40
2007.11.19 22:04:16.861,2.2493,2.25,0.80,2.40
2007.11.19 22:04:17.131,2.2493,2.2503,3.20,0.80
2007.11.19 22:04:17.208,2.2496,2.2504,1.60,2.40
2007.11.19 22:04:18.169,2.2496,2.2504,0.80,2.40
2007.11.19 22:04:19.055,2.2496,2.2504,0.80,2.40
2007.11.19 22:04:19.686,2.2496,2.2504,0.90,2.40
2007.11.19 22:04:21.871,2.2496,2.2504,1.00,2.40
2007.11.19 22:04:23.713,2.2494,2.2504,3.20,3.20
2007.11.19 22:04:23.790,2.2496,2.2503,1.30,2.40
2007.11.19 22:04:24.173,2.2494,2.2503,3.20,2.40
2007.11.19 22:04:26.850,2.2494,2.2503,3.20,2.40
2007.11.19 22:04:28.087,2.2496,2.2503,0.60,2.40
2007.11.19 22:04:28.265,2.2492,2.2501,3.20,2.40
2007.11.19 22:04:29.154,2.2492,2.2501,3.20,2.40
2007.11.19 22:04:29.446,2.2494,2.2501,1.10,2.40
2007.11.19 22:04:29.793,2.2492,2.2501,3.20,2.40
2007.11.19 22:04:30.253,2.2491,2.2501,3.20,3.20
2007.11.19 22:04:30.555,2.2491,2.25,3.20,2.40
2007.11.19 22:04:30.858,2.2494,2.2503,3.20,2.40
2007.11.19 22:04:31.858,2.2494,2.2503,3.20,2.40
2007.11.19 22:04:32.134,2.2496,2.2502,1.30,0.80
2007.11.19 22:04:32.236,2.2492,2.2501,3.20,2.40
2007.11.19 22:04:34.176,2.2492,2.2501,3.20,2.40
2007.11.19 22:04:36.872,2.2494,2.2501,1.20,2.40
2007.11.19 22:04:38.766,2.2494,2.2501,1.60,2.40
2007.11.19 22:04:39.176,2.2493,2.2501,3.20,2.40
2007.11.19 22:04:39.312,2.2494,2.2502,0.90,2.40
2007.11.19 22:04:39.892,2.2493,2.2502,3.20,2.40
2007.11.19 22:04:40.480,2.2493,2.2502,3.20,2.40
2007.11.19 22:04:41.734,2.2492,2.2502,3.20,2.40
2007.11.19 22:04:41.880,2.2489,2.2502,6.90,3.20
2007.11.19 22:04:42.056,2.2491,2.2501,3.20,0.80
2007.11.19 22:04:42.267,2.2491,2.25,3.20,2.40
2007.11.19 22:04:44.191,2.2492,2.25,0.70,2.40
2007.11.19 22:04:45.057,2.2493,2.2501,0.60,0.80
2007.11.19 22:04:45.243,2.2492,2.2502,3.20,0.80
2007.11.19 22:04:46.871,2.2493,2.2502,2.40,0.80
2007.11.19 22:04:48.227,2.2492,2.2502,0.80,0.80
2007.11.19 22:04:49.186,2.2492,2.2502,0.80,0.80
2007.11.19 22:04:49.355,2.2492,2.2502,0.80,0.80
2007.11.19 22:04:49.723,2.2495,2.2505,0.80,0.80
2007.11.19 22:04:49.991,2.2495,2.2505,0.80,0.80
2007.11.19 22:04:51.505,2.2495,2.2505,0.80,0.80
2007.11.19 22:04:51.841,2.2495,2.2505,0.80,0.80
2007.11.19 22:04:52.749,2.2495,2.2505,3.20,0.80
2007.11.19 22:04:54.194,2.2495,2.2505,3.20,0.80
2007.11.19 22:04:56.332,2.2497,2.2505,2.40,0.80
2007.11.19 22:04:56.669,2.2496,2.2505,2.40,0.80
2007.11.19 22:04:56.873,2.2496,2.2505,2.40,0.80
2007.11.19 22:04:59.197,2.2496,2.2505,2.40,0.80
2007.11.19 22:04:59.259,2.2495,2.2502,3.20,2.40
2007.11.19 22:04:59.545,2.2495,2.2502,3.20,2.40
2007.11.19 22:05:00.192,2.2497,2.2502,0.80,2.40
2007.11.19 22:05:00.515,2.2497,2.2504,3.20,2.40
2007.11.19 22:05:01.876,2.2497,2.2504,3.20,2.40
2007.11.19 22:05:02.537,2.2497,2.2504,3.20,2.40
2007.11.19 22:05:03.222,2.2498,2.2504,1.60,2.40
2007.11.19 22:05:03.556,2.25,2.25035,0.30,2.40
2007.11.19 22:05:04.197,2.25,2.25035,0.30,2.40
2007.11.19 22:05:05.163,2.25035,2.2507,0.30,0.80
2007.11.19 22:05:05.326,2.25035,2.2511,0.30,0.80
2007.11.19 22:05:06.877,2.25035,2.2511,0.30,0.80
2007.11.19 22:05:08.312,2.25035,2.2512,0.30,0.80
2007.11.19 22:05:08.714,2.25035,2.2511,0.30,0.80
2007.11.19 22:05:09.033,2.25035,2.2509,0.30,0.80
2007.11.19 22:05:09.192,2.25035,2.2509,0.30,0.80
2007.11.19 22:05:09.380,2.2499,2.25095,0.30,0.80
2007.11.19 22:05:09.654,2.2499,2.25095,0.30,0.80
2007.11.19 22:05:10.196,2.2499,2.25095,0.30,0.80
2007.11.19 22:05:10.560,2.2499,2.25095,0.30,0.80
2007.11.19 22:05:10.868,2.25,2.25095,0.30,0.80
2007.11.19 22:05:11.178,2.2499,2.25095,0.30,0.80
2007.11.19 22:05:11.873,2.2499,2.25095,0.30,0.80
2007.11.19 22:05:13.568,2.2499,2.25095,0.30,0.80
2007.11.19 22:05:14.184,2.2499,2.25095,0.30,0.80
2007.11.19 22:05:16.886,2.2499,2.25095,0.30,0.80
2007.11.19 22:05:17.008,2.2499,2.2507,0.30,0.80
2007.11.19 22:05:17.339,2.2499,2.2505,0.30,2.40
2007.11.19 22:05:18.757,2.2499,2.2505,0.30,0.80
2007.11.19 22:05:19.194,2.2499,2.2505,0.30,0.80
2007.11.19 22:05:19.744,2.2499,2.2505,0.30,0.80
2007.11.19 22:05:20.288,2.2499,2.2505,0.30,0.80
2007.11.19 22:05:20.815,2.2499,2.2503,0.30,0.80
2007.11.19 22:05:21.679,2.24985,2.2503,0.60,0.80
2007.11.19 22:05:21.877,2.2499,2.2503,0.30,0.80
2007.11.19 22:05:22.312,2.2499,2.2505,0.30,0.80
2007.11.19 22:05:23.632,2.2497,2.2505,2.40,0.80
2007.11.19 22:05:23.914,2.2497,2.2505,0.80,0.80
2007.11.19 22:05:24.193,2.2497,2.2505,0.80,0.80
2007.11.19 22:05:24.827,2.2497,2.2505,0.80,0.80
2007.11.19 22:05:26.753,2.2497,2.2505,0.80,0.80
2007.11.19 22:05:26.907,2.2497,2.2503,0.80,0.80
2007.11.19 22:05:27.149,2.2497,2.2503,1.10,0.80
2007.11.19 22:05:27.226,2.2497,2.2503,1.10,0.80
2007.11.19 22:05:27.453,2.2497,2.2505,1.10,0.80
2007.11.19 22:05:28.270,2.2497,2.2505,1.10,0.80
2007.11.19 22:05:29.190,2.2497,2.2504,1.10,0.80
2007.11.19 22:05:29.255,2.2497,2.2504,1.10,0.80
2007.11.19 22:05:29.484,2.2497,2.2504,0.30,0.80
2007.11.19 22:05:29.578,2.2497,2.2504,1.10,0.80
2007.11.19 22:05:29.685,2.2497,2.2504,0.30,0.80
2007.11.19 22:05:29.732,2.2497,2.2502,0.30,0.80
2007.11.19 22:05:29.844,2.2497,2.2502,0.30,0.80
2007.11.19 22:05:30.049,2.2497,2.2502,0.30,0.80
2007.11.19 22:05:30.382,2.2497,2.25055,0.30,0.80
2007.11.19 22:05:30.735,2.2497,2.2505,0.30,4.50
2007.11.19 22:05:31.068,2.2497,2.2502,0.30,0.80
2007.11.19 22:05:31.272,2.2495,2.25025,0.30,0.80
2007.11.19 22:05:31.475,2.2495,2.25025,0.30,0.80
2007.11.19 22:05:31.899,2.2495,2.25025,0.30,0.80
2007.11.19 22:05:32.663,2.2495,2.25025,0.30,0.80
2007.11.19 22:05:32.857,2.2495,2.2503,0.30,0.80
2007.11.19 22:05:33.049,2.2495,2.2503,0.30,0.80
2007.11.19 22:05:34.209,2.2495,2.2503,0.30,0.80
2007.11.19 22:05:34.321,2.2495,2.2503,0.30,0.80
2007.11.19 22:05:35.746,2.2495,2.2503,0.30,0.80
2007.11.19 22:05:36.775,2.2496,2.2503,0.80,0.80
2007.11.19 22:05:38.311,2.2496,2.2503,0.80,0.80
2007.11.19 22:05:39.120,2.2495,2.2503,2.70,0.80
2007.11.19 22:05:39.203,2.2495,2.2503,2.70,0.80
2007.11.19 22:05:39.961,2.2495,2.2503,2.70,0.80
2007.11.19 22:05:40.502,2.2495,2.2503,2.70,0.80
2007.11.19 22:05:41.899,2.2495,2.2503,2.70,0.80
2007.11.19 22:05:43.275,2.2495,2.2503,2.70,0.80
2007.11.19 22:05:43.934,2.24995,2.2504,0.30,3.20
2007.11.19 22:05:44.059,2.24995,2.2504,0.30,3.20
2007.11.19 22:05:44.220,2.24995,2.2503,0.30,0.80
2007.11.19 22:05:44.281,2.24995,2.2503,0.30,0.80
2007.11.19 22:05:45.612,2.24985,2.2504,0.30,5.60
2007.11.19 22:05:45.728,2.24985,2.2504,0.30,5.60
2007.11.19 22:05:45.935,2.24985,2.2502,0.30,0.90
2007.11.19 22:05:46.887,2.24985,2.2502,0.30,0.70
2007.11.19 22:05:47.063,2.24995,2.2503,0.30,3.20
2007.11.19 22:05:47.241,2.24995,2.2502,0.30,0.90
2007.11.19 22:05:47.420,2.24995,2.2504,0.30,5.60
2007.11.19 22:05:49.216,2.24995,2.2503,0.30,0.80
2007.11.19 22:05:50.046,2.24995,2.2503,0.30,0.80
2007.11.19 22:05:50.598,2.24995,2.2503,0.30,0.80
2007.11.19 22:05:51.897,2.24995,2.2504,0.30,5.60
2007.11.19 22:05:52.991,2.25005,2.2504,0.30,3.20
2007.11.19 22:05:53.280,2.25005,2.2504,0.30,3.20
2007.11.19 22:05:54.131,2.25005,2.2505,0.30,4.80
2007.11.19 22:05:55.668,2.25005,2.2504,0.30,0.90
2007.11.19 22:05:55.968,2.24995,2.2504,0.30,0.50
2007.11.19 22:05:56.170,2.24995,2.25055,0.30,7.20
2007.11.19 22:05:56.257,2.24995,2.25055,0.30,7.20
2007.11.19 22:05:56.893,2.24995,2.25055,0.30,7.20
2007.11.19 22:05:57.936,2.24995,2.2504,0.30,0.80
2007.11.19 22:05:59.217,2.24995,2.2504,0.30,0.80
2007.11.19 22:06:00.150,2.24995,2.25055,0.30,7.20
2007.11.19 22:06:00.707,2.24995,2.25055,0.30,7.20
2007.11.19 22:06:01.893,2.24995,2.2504,0.30,0.90
2007.11.19 22:06:02.620,2.2499,2.2504,0.30,0.80
2007.11.19 22:06:02.762,2.2499,2.2507,0.30,7.20
2007.11.19 22:06:02.965,2.2499,2.2507,0.30,5.60
2007.11.19 22:06:04.220,2.2499,2.2507,0.30,5.60
2007.11.19 22:06:06.903,2.2499,2.2507,0.30,5.60
2007.11.19 22:06:08.426,2.2499,2.2507,0.30,4.80
2007.11.19 22:06:08.936,2.2499,2.2507,0.30,4.80
2007.11.19 22:06:09.212,2.2499,2.2507,0.30,4.80
2007.11.19 22:06:10.257,2.2499,2.2507,0.30,4.80
2007.11.19 22:06:10.609,2.24985,2.2503,0.30,2.40
2007.11.19 22:06:10.746,2.24985,2.2503,0.30,2.40
2007.11.19 22:06:10.885,2.24985,2.2502,0.30,2.40
2007.11.19 22:06:11.903,2.24985,2.2502,0.30,2.40
2007.11.19 22:06:13.609,2.25015,2.2502,0.30,2.40
2007.11.19 22:06:13.725,2.25015,2.2505,0.30,1.60
2007.11.19 22:06:13.815,2.25015,2.2505,0.30,1.60
2007.11.19 22:06:14.051,2.25015,2.2506,0.30,4.80
2007.11.19 22:06:14.217,2.25015,2.2506,0.30,4.80
2007.11.19 22:06:16.904,2.25015,2.2506,0.30,4.80
2007.11.19 22:06:19.229,2.25015,2.2506,0.30,4.80
2007.11.19 22:06:20.215,2.25015,2.2506,0.30,4.80
2007.11.19 22:06:20.903,2.25015,2.2506,0.30,4.80
2007.11.19 22:06:21.901,2.25015,2.2506,0.30,4.80
2007.11.19 22:06:24.226,2.25015,2.2506,0.30,4.80
2007.11.19 22:06:26.671,2.25015,2.2506,0.30,4.80
2007.11.19 22:06:26.709,2.2503,2.2506,0.30,2.40
2007.11.19 22:06:26.755,2.2503,2.2506,0.30,2.40
2007.11.19 22:06:26.793,2.2503,2.2506,0.30,2.40
2007.11.19 22:06:26.912,2.2503,2.2506,0.30,2.40
2007.11.19 22:06:29.226,2.2503,2.2506,0.30,2.40
2007.11.19 22:06:30.367,2.2503,2.2507,0.30,4.80
2007.11.19 22:06:30.450,2.2503,2.2506,0.30,0.90
2007.11.19 22:06:30.635,2.2505,2.2506,0.30,0.70
2007.11.19 22:06:30.679,2.2505,2.2509,0.30,0.70
2007.11.19 22:06:30.820,2.2505,2.2517,0.30,3.20
2007.11.19 22:06:31.016,2.2505,2.2517,0.30,3.20
2007.11.19 22:06:31.249,2.2505,2.2517,0.30,3.20
2007.11.19 22:06:31.651,2.2503,2.2517,1.60,3.20
2007.11.19 22:06:31.984,2.2502,2.2519,0.80,3.20
2007.11.19 22:06:33.204,2.2502,2.2512,0.80,0.80
2007.11.19 22:06:33.368,2.2502,2.2519,0.80,6.90
2007.11.19 22:06:34.215,2.2502,2.2519,0.80,6.90
2007.11.19 22:06:36.738,2.2499,2.2509,1.10,0.80
2007.11.19 22:06:36.867,2.2499,2.2506,3.50,0.50
2007.11.19 22:06:37.243,2.25,2.2509,2.40,0.80
2007.11.19 22:06:37.372,2.2502,2.2512,0.80,3.20
2007.11.19 22:06:38.056,2.2502,2.2512,0.80,1.60
2007.11.19 22:06:38.304,2.2501,2.2507,1.60,0.80
2007.11.19 22:06:39.217,2.2501,2.2507,1.60,0.80
2007.11.19 22:06:40.543,2.2501,2.2511,1.60,1.60
2007.11.19 22:06:41.095,2.2501,2.2511,1.60,1.60
2007.11.19 22:06:41.253,2.2506,2.2507,0.30,0.80
2007.11.19 22:06:41.406,2.2506,2.2507,0.30,0.80
2007.11.19 22:06:41.558,2.2506,2.251,0.30,3.20
2007.11.19 22:06:41.715,2.2506,2.251,0.30,3.20
2007.11.19 22:06:41.925,2.2506,2.2509,0.30,0.80
2007.11.19 22:06:42.154,2.2503,2.2511,0.30,3.20
2007.11.19 22:06:42.382,2.2503,2.2511,0.30,3.20
2007.11.19 22:06:43.993,2.2506,2.251,0.30,3.20
2007.11.19 22:06:44.266,2.2506,2.251,0.30,3.20
2007.11.19 22:06:44.304,2.2506,2.251,0.30,3.20
2007.11.19 22:06:44.340,2.2506,2.251,0.30,3.20
2007.11.19 22:06:46.924,2.2506,2.2509,0.30,0.80
2007.11.19 22:06:49.239,2.2506,2.2509,0.30,0.80
2007.11.19 22:06:50.653,2.2506,2.251,0.30,3.20
2007.11.19 22:06:51.211,2.2506,2.2509,0.30,0.80
2007.11.19 22:06:52.029,2.2506,2.2509,0.30,0.80
2007.11.19 22:06:53.301,2.2506,2.251,0.30,3.20
2007.11.19 22:06:54.236,2.2506,2.2509,0.30,0.80
2007.11.19 22:06:54.690,2.2506,2.251,0.30,3.20
2007.11.19 22:06:54.856,2.2507,2.2509,0.30,0.80
2007.11.19 22:06:56.647,2.2508,2.2509,0.30,0.80
2007.11.19 22:06:56.779,2.2508,2.2509,0.30,0.80
2007.11.19 22:06:56.871,2.2508,2.25125,0.30,3.20
2007.11.19 22:06:57.132,2.2508,2.25125,0.30,3.20
2007.11.19 22:06:59.235,2.2508,2.2511,0.30,0.80
2007.11.19 22:07:00.762,2.2508,2.2511,0.30,0.80
2007.11.19 22:07:01.132,2.25075,2.2511,0.30,0.80
2007.11.19 22:07:01.289,2.25075,2.2515,0.30,6.10
2007.11.19 22:07:01.452,2.25075,2.2515,0.30,0.80
2007.11.19 22:07:01.726,2.25075,2.2513,0.30,0.80
2007.11.19 22:07:01.883,2.25075,2.2509,0.30,0.80
2007.11.19 22:07:03.709,2.25075,2.2513,0.30,0.80
2007.11.19 22:07:03.876,2.25075,2.2517,0.30,1.60
2007.11.19 22:07:04.236,2.25075,2.2515,0.30,0.80
2007.11.19 22:07:04.332,2.25075,2.2517,0.30,1.60
2007.11.19 22:07:06.796,2.25075,2.2515,0.30,1.60
2007.11.19 22:07:07.014,2.25075,2.2513,0.30,0.80
2007.11.19 22:07:08.746,2.25075,2.2513,0.30,0.80
2007.11.19 22:07:08.795,2.25075,2.2513,0.30,0.80
2007.11.19 22:07:08.854,2.25075,2.2516,0.30,1.60
2007.11.19 22:07:09.232,2.25075,2.2513,0.30,0.80
2007.11.19 22:07:10.728,2.2509,2.2513,0.80,0.80
2007.11.19 22:07:10.789,2.2509,2.2518,0.80,5.30
2007.11.19 22:07:10.853,2.2509,2.2516,0.80,0.80
2007.11.19 22:07:10.902,2.2509,2.2518,0.80,0.80
2007.11.19 22:07:11.417,2.2509,2.2518,0.80,0.80
2007.11.19 22:07:12.019,2.2509,2.2518,0.80,0.80
2007.11.19 22:07:14.240,2.2509,2.2519,0.80,4.00
2007.11.19 22:07:15.186,2.2508,2.2519,1.60,7.70
2007.11.19 22:07:15.414,2.2508,2.2515,0.80,0.80
2007.11.19 22:07:17.034,2.2508,2.2515,0.80,0.80
2007.11.19 22:07:18.601,2.25075,2.2518,1.10,1.60
2007.11.19 22:07:19.239,2.25075,2.2518,1.10,1.60
2007.11.19 22:07:20.941,2.25075,2.2515,1.10,0.80
2007.11.19 22:07:21.516,2.25075,2.2515,1.10,0.80
2007.11.19 22:07:22.024,2.25075,2.2515,1.10,0.80
2007.11.19 22:07:24.247,2.2508,2.2515,0.80,0.80
2007.11.19 22:07:26.643,2.2508,2.2515,0.80,0.80
2007.11.19 22:07:27.035,2.25075,2.2515,1.10,0.80
2007.11.19 22:07:29.466,2.25075,2.2515,1.10,0.80
2007.11.19 22:07:31.060,2.25075,2.2515,1.10,0.80
2007.11.19 22:07:31.611,2.2507,2.2515,1.60,0.80
2007.11.19 22:07:32.032,2.2507,2.2515,1.60,0.80
2007.11.19 22:07:33.160,2.2507,2.2515,1.60,0.80
2007.11.19 22:07:33.458,2.2505,2.2515,1.10,0.80
2007.11.19 22:07:33.757,2.2505,2.2513,0.30,0.80
2007.11.19 22:07:33.865,2.25045,2.2511,0.60,0.80
2007.11.19 22:07:34.255,2.25045,2.2511,0.60,0.80
2007.11.19 22:07:35.821,2.2505,2.2511,0.30,0.80
2007.11.19 22:07:36.245,2.2507,2.2514,0.80,3.70
2007.11.19 22:07:36.283,2.2507,2.2515,0.80,0.80
2007.11.19 22:07:37.028,2.2507,2.2515,0.80,0.80
2007.11.19 22:07:37.273,2.2505,2.2509,0.30,0.80
2007.11.19 22:07:37.520,2.2505,2.2509,0.30,0.80
2007.11.19 22:07:38.720,2.25045,2.2511,0.60,2.40
2007.11.19 22:07:39.251,2.25045,2.2511,0.60,2.40
2007.11.19 22:07:39.603,2.2503,2.2511,1.00,2.40
2007.11.19 22:07:39.775,2.2503,2.2511,0.30,3.20
2007.11.19 22:07:41.156,2.2503,2.2511,0.30,3.20
2007.11.19 22:07:41.565,2.25055,2.251,0.60,2.40
2007.11.19 22:07:41.776,2.25055,2.251,0.60,2.40
2007.11.19 22:07:41.858,2.25055,2.251,0.60,2.40
2007.11.19 22:07:43.028,2.2504,2.2511,1.20,5.60
2007.11.19 22:07:43.191,2.2503,2.2511,0.30,5.60
2007.11.19 22:07:43.354,2.2503,2.2511,0.30,5.60
2007.11.19 22:07:43.975,2.2501,2.2511,0.80,5.60
2007.11.19 22:07:44.126,2.2501,2.2511,0.80,5.60
2007.11.19 22:07:44.254,2.2501,2.251,0.80,3.70
2007.11.19 22:07:45.266,2.2501,2.2511,0.80,5.60
2007.11.19 22:07:45.478,2.2499,2.2511,3.20,5.60
2007.11.19 22:07:45.691,2.2499,2.251,3.20,0.80
2007.11.19 22:07:45.904,2.25,2.2509,0.80,2.40
2007.11.19 22:07:46.411,2.25,2.2509,0.80,2.40
2007.11.19 22:07:46.533,2.25,2.2509,0.80,2.40
2007.11.19 22:07:46.711,2.2499,2.2509,0.80,3.20
2007.11.19 22:07:46.834,2.2499,2.2508,3.20,2.40
2007.11.19 22:07:47.008,2.2499,2.2506,2.40,0.80
2007.11.19 22:07:47.135,2.2499,2.2506,2.40,0.80
2007.11.19 22:07:47.304,2.2497,2.2506,2.40,0.80
2007.11.19 22:07:47.476,2.2497,2.2506,2.40,3.20
2007.11.19 22:07:48.690,2.2497,2.2506,2.40,3.20
2007.11.19 22:07:49.252,2.2497,2.2506,2.40,3.20
2007.11.19 22:07:49.556,2.2499,2.25035,0.30,2.40
2007.11.19 22:07:49.720,2.2499,2.25035,0.30,2.40
2007.11.19 22:07:49.883,2.2499,2.25035,0.30,2.40
2007.11.19 22:07:51.255,2.2499,2.25035,0.30,2.40
2007.11.19 22:07:51.783,2.2499,2.2501,0.30,0.80
2007.11.19 22:07:52.138,2.2499,2.2501,0.30,0.80
2007.11.19 22:07:52.201,2.2499,2.2501,0.30,2.40
2007.11.19 22:07:52.272,2.2499,2.2501,0.30,2.40
2007.11.19 22:07:52.882,2.2493,2.25005,1.60,2.40
2007.11.19 22:07:53.216,2.24925,2.25005,0.30,2.40
2007.11.19 22:07:53.550,2.24925,2.25005,0.30,2.40
2007.11.19 22:07:53.633,2.24935,2.2501,0.30,2.40
2007.11.19 22:07:53.716,2.24935,2.25015,0.30,2.40
2007.11.19 22:07:53.799,2.24935,2.25015,0.30,2.40
2007.11.19 22:07:54.080,2.24935,2.25015,0.30,2.40
2007.11.19 22:07:54.162,2.2496,2.2502,0.30,2.40
2007.11.19 22:07:54.244,2.2496,2.2503,0.30,0.80
2007.11.19 22:07:54.327,2.2496,2.2504,0.30,5.60
2007.11.19 22:07:55.018,2.2496,2.2504,0.30,5.60
2007.11.19 22:07:56.423,2.24945,2.2504,0.30,5.60
2007.11.19 22:07:56.587,2.24945,2.2504,0.30,5.60
2007.11.19 22:07:56.685,2.2494,2.2503,3.20,2.40
2007.11.19 22:07:56.772,2.24935,2.2503,0.30,3.20
2007.11.19 22:07:56.866,2.24935,2.2503,0.30,3.20
2007.11.19 22:07:57.143,2.24935,2.2503,0.30,3.20
2007.11.19 22:07:58.107,2.2494,2.2503,0.80,2.40
2007.11.19 22:07:58.394,2.24945,2.2504,0.30,3.20
2007.11.19 22:07:59.255,2.24945,2.2504,0.30,3.20
2007.11.19 22:07:59.722,2.24945,2.2504,0.30,3.20
2007.11.19 22:08:00.233,2.24945,2.2504,0.30,2.40
2007.11.19 22:08:00.416,2.24955,2.2505,0.30,2.40
2007.11.19 22:08:00.598,2.24955,2.2505,0.30,2.40
2007.11.19 22:08:00.816,2.2495,2.2506,0.80,0.80
2007.11.19 22:08:01.233,2.2498,2.2508,0.80,0.80
2007.11.19 22:08:01.451,2.2498,2.2508,0.80,0.80
2007.11.19 22:08:01.911,2.2498,2.2508,0.80,0.80
2007.11.19 22:08:04.260,2.2498,2.2508,0.80,0.80
2007.11.19 22:08:04.312,2.2498,2.2508,0.80,0.80
2007.11.19 22:08:07.147,2.2498,2.2508,0.80,0.80
2007.11.19 22:08:09.260,2.2498,2.2508,0.80,0.80
2007.11.19 22:08:10.539,2.2498,2.2508,0.80,0.80
2007.11.19 22:08:10.750,2.2495,2.2508,6.90,0.80
2007.11.19 22:08:11.457,2.2495,2.2508,6.90,0.80
2007.11.19 22:08:11.999,2.2495,2.2508,6.90,0.80
2007.11.19 22:08:13.292,2.2497,2.2508,3.20,0.80
2007.11.19 22:08:14.262,2.2497,2.2508,3.20,0.80
2007.11.19 22:08:17.154,2.2498,2.2508,0.80,0.80
2007.11.19 22:08:19.265,2.2498,2.2508,0.80,0.80
2007.11.19 22:08:21.641,2.2498,2.2508,0.80,0.80
2007.11.19 22:08:21.762,2.2497,2.2508,3.20,0.80
2007.11.19 22:08:22.157,2.2498,2.2508,0.80,0.80
2007.11.19 22:08:24.282,2.2498,2.2508,0.80,0.80
2007.11.19 22:08:27.163,2.2497,2.2508,3.20,0.80
2007.11.19 22:08:29.281,2.2497,2.2508,3.20,0.80
2007.11.19 22:08:31.743,2.24945,2.2509,3.00,2.40
2007.11.19 22:08:32.172,2.24945,2.2509,3.00,2.40
2007.11.19 22:08:32.627,2.24955,2.2509,3.00,2.40
2007.11.19 22:08:32.920,2.2496,2.2509,3.20,3.20
2007.11.19 22:08:33.213,2.2498,2.2508,0.80,0.80
2007.11.19 22:08:34.267,2.2495,2.2508,3.20,0.80
2007.11.19 22:08:37.170,2.2495,2.2508,3.20,0.80
2007.11.19 22:08:39.281,2.2495,2.2508,3.20,0.80
2007.11.19 22:08:39.604,2.2495,2.2508,3.20,3.20
2007.11.19 22:08:41.845,2.2498,2.2508,0.80,3.20
2007.11.19 22:08:42.277,2.2498,2.2508,0.80,3.20
2007.11.19 22:08:43.825,2.2498,2.2508,0.80,3.20
2007.11.19 22:08:44.274,2.2498,2.2508,0.80,3.20
2007.11.19 22:08:45.576,2.24995,2.25075,0.30,2.40
2007.11.19 22:08:45.909,2.24995,2.2507,0.30,3.20
2007.11.19 22:08:45.987,2.2498,2.2507,1.60,3.20
2007.11.19 22:08:46.124,2.2497,2.2506,2.40,0.80
2007.11.19 22:08:46.202,2.2496,2.2506,3.20,0.80
2007.11.19 22:08:47.276,2.2496,2.2506,3.20,0.80
2007.11.19 22:08:49.278,2.2496,2.2506,3.20,0.80
2007.11.19 22:08:50.059,2.2496,2.2505,0.80,2.40
2007.11.19 22:08:50.267,2.2495,2.2504,2.40,0.80
2007.11.19 22:08:51.937,2.2495,2.2504,2.40,0.80
2007.11.19 22:08:52.259,2.2495,2.2504,2.40,0.80
2007.11.19 22:08:52.477,2.2495,2.2504,2.40,0.80
2007.11.19 22:08:54.190,2.2495,2.2503,2.40,0.80
2007.11.19 22:08:54.194,2.2495,2.2503,1.20,0.80
2007.11.19 22:08:54.784,2.2495,2.2503,2.40,3.20
2007.11.19 22:08:54.858,2.2495,2.2503,2.40,3.20
2007.11.19 22:08:57.281,2.2495,2.2503,2.40,3.20
2007.11.19 22:08:59.289,2.2495,2.2503,2.40,3.20
2007.11.19 22:09:02.049,2.2495,2.2503,2.40,3.20
2007.11.19 22:09:02.276,2.2495,2.2503,2.40,3.20
2007.11.19 22:09:02.588,2.2495,2.2503,2.40,3.20
2007.11.19 22:09:04.029,2.2497,2.25015,0.30,2.40
2007.11.19 22:09:04.262,2.2497,2.25015,0.30,2.40
2007.11.19 22:09:05.868,2.2497,2.25015,0.30,2.40
2007.11.19 22:09:07.271,2.2497,2.25015,0.30,2.40
2007.11.19 22:09:09.103,2.2498,2.25025,0.30,2.40
2007.11.19 22:09:09.232,2.2498,2.25025,0.30,2.40
2007.11.19 22:09:09.284,2.2498,2.25025,0.30,2.40
2007.11.19 22:09:12.139,2.2498,2.25025,0.30,2.40
2007.11.19 22:09:12.273,2.2498,2.25025,0.30,2.40
2007.11.19 22:09:12.671,2.2498,2.25025,0.30,2.40
2007.11.19 22:09:14.100,2.24985,2.2503,0.30,3.20
2007.11.19 22:09:14.372,2.24985,2.2503,0.30,3.20
2007.11.19 22:09:15.626,2.24995,2.2503,0.30,0.80
2007.11.19 22:09:15.855,2.24995,2.2504,0.30,2.40
2007.11.19 22:09:16.657,2.25005,2.2505,0.30,5.60
2007.11.19 22:09:16.738,2.25005,2.2505,0.30,4.80
2007.11.19 22:09:16.827,2.25005,2.2505,0.30,2.40
2007.11.19 22:09:17.268,2.25005,2.2505,0.30,2.40
2007.11.19 22:09:19.243,2.25005,2.2506,0.30,5.60
2007.11.19 22:09:19.293,2.25005,2.2506,0.30,4.80
2007.11.19 22:09:19.325,2.25005,2.25065,0.30,4.80
2007.11.19 22:09:19.571,2.25015,2.2506,0.30,0.80
2007.11.19 22:09:19.810,2.25015,2.2507,0.30,5.60
2007.11.19 22:09:20.272,2.25005,2.2506,0.30,3.20
2007.11.19 22:09:20.599,2.25005,2.2506,0.30,3.20
2007.11.19 22:09:21.956,2.25,2.2504,2.40,0.60
2007.11.19 22:09:22.024,2.25,2.25055,2.40,4.80
2007.11.19 22:09:22.093,2.25,2.2504,2.40,0.90
2007.11.19 22:09:22.250,2.25,2.2504,2.40,0.70
2007.11.19 22:09:22.319,2.24995,2.2504,0.30,0.60
2007.11.19 22:09:22.778,2.24995,2.2505,0.30,5.60
2007.11.19 22:09:23.608,2.2499,2.2506,0.30,4.80
2007.11.19 22:09:23.916,2.2499,2.25065,0.30,3.20
2007.11.19 22:09:24.323,2.2499,2.25065,0.30,3.20
2007.11.19 22:09:24.969,2.2499,2.25065,0.30,0.50
2007.11.19 22:09:25.147,2.2501,2.2507,0.30,8.00
2007.11.19 22:09:25.326,2.2501,2.25055,0.30,0.90
2007.11.19 22:09:27.285,2.2501,2.25055,0.30,0.50
2007.11.19 22:09:27.351,2.2501,2.25055,0.30,0.70
2007.11.19 22:09:27.929,2.2501,2.2507,0.30,9.60
2007.11.19 22:09:29.340,2.2501,2.25055,0.30,0.80
2007.11.19 22:09:32.290,2.2501,2.25055,0.30,0.50
2007.11.19 22:09:32.582,2.25005,2.25065,0.30,4.80
2007.11.19 22:09:32.875,2.25005,2.2505,0.30,0.60
2007.11.19 22:09:34.340,2.25005,2.2505,0.30,0.80
2007.11.19 22:09:35.106,2.2501,2.25055,0.30,0.90
2007.11.19 22:09:35.420,2.2501,2.25055,0.30,0.80
2007.11.19 22:09:35.734,2.25005,2.2506,0.30,5.60
2007.11.19 22:09:37.151,2.25005,2.2505,0.30,0.90
2007.11.19 22:09:37.246,2.25005,2.2506,0.30,5.60
2007.11.19 22:09:37.382,2.25005,2.2506,0.30,5.60
2007.11.19 22:09:38.129,2.2501,2.25055,0.30,4.80
2007.11.19 22:09:38.223,2.2501,2.2506,0.30,5.60
2007.11.19 22:09:38.960,2.2501,2.2506,0.30,5.60
2007.11.19 22:09:42.397,2.2501,2.25055,0.30,0.90
2007.11.19 22:09:46.119,2.2503,2.2506,0.30,0.80
2007.11.19 22:09:46.228,2.2503,2.2507,0.30,2.40
2007.11.19 22:09:46.343,2.2503,2.2507,0.30,0.90
2007.11.19 22:09:46.451,2.2503,2.25075,0.30,0.50
2007.11.19 22:09:46.621,2.2503,2.2509,0.30,12.00
2007.11.19 22:09:46.795,2.2504,2.2509,0.30,8.00
2007.11.19 22:09:46.967,2.2504,2.25085,0.30,0.90
2007.11.19 22:09:47.383,2.2504,2.25085,0.30,0.70
2007.11.19 22:09:48.715,2.2504,2.2509,0.30,5.60
2007.11.19 22:09:48.835,2.2504,2.2509,0.30,4.80
2007.11.19 22:09:48.933,2.25045,2.2509,0.30,2.40
2007.11.19 22:09:49.033,2.25045,2.2509,0.30,2.40
2007.11.19 22:09:49.245,2.25045,2.2509,0.30,2.40
2007.11.19 22:09:49.341,2.25045,2.251,0.30,2.40
2007.11.19 22:09:49.988,2.25045,2.251,0.30,2.40
2007.11.19 22:09:50.677,2.25045,2.2511,0.30,2.40
2007.11.19 22:09:52.392,2.25045,2.2511,0.30,2.40
2007.11.19 22:09:52.537,2.25045,2.2511,0.30,2.40
2007.11.19 22:09:53.667,2.2504,2.2511,0.30,2.40
2007.11.19 22:09:54.002,2.2504,2.25105,1.10,2.40
2007.11.19 22:09:54.168,2.2504,2.2511,1.10,2.40
2007.11.19 22:09:55.183,2.2504,2.251,1.10,2.40
2007.11.19 22:09:56.264,2.2504,2.251,1.10,2.40
2007.11.19 22:09:56.332,2.2504,2.251,0.30,2.40
2007.11.19 22:09:56.492,2.2504,2.2512,0.30,2.40
2007.11.19 22:09:56.991,2.2504,2.2513,0.30,3.20
2007.11.19 22:09:57.384,2.2504,2.2513,0.30,3.20
2007.11.19 22:09:58.442,2.2504,2.2512,0.30,2.40
2007.11.19 22:09:59.776,2.2504,2.2513,0.30,5.60
2007.11.19 22:10:01.015,2.2504,2.2513,0.30,5.60
2007.11.19 22:10:01.150,2.2505,2.2513,0.80,4.80
2007.11.19 22:10:01.242,2.2505,2.2513,0.80,2.40
2007.11.19 22:10:01.336,2.2505,2.2513,0.80,2.40
2007.11.19 22:10:01.588,2.2505,2.2515,0.80,3.20
2007.11.19 22:10:01.869,2.2505,2.2515,0.80,3.20
2007.11.19 22:10:02.187,2.2505,2.2515,0.80,0.80
2007.11.19 22:10:02.658,2.2505,2.2515,0.80,0.80
2007.11.19 22:10:03.449,2.2505,2.2515,0.80,2.40
2007.11.19 22:10:06.876,2.2505,2.2515,0.80,4.80
2007.11.19 22:10:06.959,2.2505,2.2514,0.80,1.60
2007.11.19 22:10:07.258,2.2505,2.2514,0.80,1.60
2007.11.19 22:10:07.387,2.2505,2.2514,0.80,1.60
2007.11.19 22:10:07.998,2.25045,2.2514,0.30,1.60
2007.11.19 22:10:08.281,2.25045,2.2513,0.30,3.20
2007.11.19 22:10:08.563,2.25045,2.2512,0.30,1.60
2007.11.19 22:10:08.925,2.25045,2.2513,0.30,4.80
2007.11.19 22:10:09.223,2.25045,2.2512,0.30,1.60
2007.11.19 22:10:09.659,2.2506,2.2512,0.80,1.60
2007.11.19 22:10:10.168,2.2506,2.2513,2.40,2.40
2007.11.19 22:10:10.326,2.2511,2.2515,0.30,4.00
2007.11.19 22:10:12.054,2.2511,2.2515,0.30,4.00
2007.11.19 22:10:12.407,2.2511,2.2515,0.30,4.00
2007.11.19 22:10:12.741,2.2511,2.2515,0.30,4.00
2007.11.19 22:10:16.913,2.2511,2.2515,0.30,2.40
2007.11.19 22:10:17.394,2.2511,2.2515,0.30,2.40
2007.11.19 22:10:18.858,2.2511,2.2515,0.30,2.40
2007.11.19 22:10:19.911,2.2511,2.2515,0.30,4.00
2007.11.19 22:10:22.398,2.2511,2.2515,0.30,4.00
2007.11.19 22:10:22.840,2.2511,2.2515,0.30,4.00
2007.11.19 22:10:22.953,2.2509,2.2515,1.60,1.60
2007.11.19 22:10:23.077,2.2509,2.2515,1.60,1.60
2007.11.19 22:10:23.106,2.2509,2.2515,0.90,1.60
2007.11.19 22:10:23.190,2.2505,2.2515,0.80,1.60
2007.11.19 22:10:23.528,2.25025,2.2515,0.10,6.10
2007.11.19 22:10:23.854,2.2502,2.2514,0.60,2.40
2007.11.19 22:10:24.192,2.2502,2.2514,0.60,2.40
2007.11.19 22:10:26.240,2.2502,2.2514,0.60,2.40
2007.11.19 22:10:26.343,2.2503,2.2514,2.40,2.40
2007.11.19 22:10:26.470,2.2503,2.2514,2.40,4.00
2007.11.19 22:10:26.573,2.2503,2.2514,2.40,1.60
2007.11.19 22:10:27.405,2.2503,2.2514,2.40,1.60
2007.11.19 22:10:31.732,2.2504,2.2514,0.60,1.60
2007.11.19 22:10:31.864,2.2507,2.2514,2.40,1.60
2007.11.19 22:10:31.997,2.2507,2.2515,2.40,4.00
2007.11.19 22:10:32.131,2.2507,2.2515,2.40,1.60
2007.11.19 22:10:32.264,2.2507,2.2515,2.40,1.60
2007.11.19 22:10:32.513,2.2507,2.2515,2.40,1.60
2007.11.19 22:10:32.938,2.2507,2.2515,2.40,1.60
2007.11.19 22:10:33.507,2.2507,2.2514,2.40,1.60
2007.11.19 22:10:34.123,2.2507,2.2515,2.40,1.60
2007.11.19 22:10:37.506,2.2507,2.2515,2.40,1.60
2007.11.19 22:10:38.768,2.2507,2.2514,2.40,2.40
2007.11.19 22:10:38.971,2.2507,2.2514,2.40,4.00
2007.11.19 22:10:39.207,2.2507,2.2514,2.40,2.40
2007.11.19 22:10:42.506,2.2507,2.2514,2.40,2.40
2007.11.19 22:10:43.042,2.2507,2.2514,2.40,2.40
2007.11.19 22:10:45.191,2.2507,2.2514,2.40,2.40
2007.11.19 22:10:47.515,2.2507,2.2514,2.40,2.40
2007.11.19 22:10:47.816,2.2507,2.2515,2.40,1.60
2007.11.19 22:10:48.007,2.2507,2.2515,2.40,1.60
2007.11.19 22:10:48.344,2.2512,2.2515,0.30,1.60
2007.11.19 22:10:48.676,2.2512,2.2516,0.30,6.40
2007.11.19 22:10:52.596,2.2512,2.2516,0.30,6.40
2007.11.19 22:10:53.144,2.2512,2.2516,0.30,6.40
2007.11.19 22:10:55.152,2.2511,2.2515,0.30,2.40
2007.11.19 22:10:55.308,2.2511,2.2515,0.30,2.40
2007.11.19 22:10:55.417,2.2511,2.2515,0.30,4.00
2007.11.19 22:10:55.524,2.2511,2.2515,0.30,4.00
2007.11.19 22:10:55.632,2.25095,2.2514,0.30,2.40
2007.11.19 22:10:55.812,2.25095,2.2514,0.30,4.80
2007.11.19 22:10:55.920,2.25095,2.2514,0.30,4.80
2007.11.19 22:10:56.028,2.25095,2.2514,0.30,4.80
2007.11.19 22:10:56.202,2.25095,2.2514,0.30,4.80
2007.11.19 22:10:57.511,2.25095,2.2514,0.30,4.80
2007.11.19 22:11:02.519,2.25095,2.2514,0.30,4.80
2007.11.19 22:11:03.241,2.25095,2.2514,0.30,4.80
2007.11.19 22:11:04.907,2.2508,2.2514,1.60,4.80
2007.11.19 22:11:05.059,2.2507,2.2514,2.40,4.80
2007.11.19 22:11:05.166,2.2507,2.2514,2.40,4.80
2007.11.19 22:11:05.250,2.2506,2.2514,0.30,4.80
2007.11.19 22:11:05.288,2.2506,2.2514,0.30,6.40
2007.11.19 22:11:05.326,2.2506,2.2514,0.30,8.80
2007.11.19 22:11:07.228,2.2506,2.2514,0.30,8.80
2007.11.19 22:11:07.523,2.2506,2.2514,0.30,8.80
2007.11.19 22:11:12.518,2.2506,2.2514,0.30,8.80
2007.11.19 22:11:13.331,2.2506,2.2514,0.30,8.80
2007.11.19 22:11:16.204,2.25085,2.2513,0.30,2.40
2007.11.19 22:11:16.255,2.25085,2.2513,0.30,2.40
2007.11.19 22:11:16.334,2.25085,2.2513,0.30,2.40
2007.11.19 22:11:16.501,2.25085,2.2513,0.30,2.40
2007.11.19 22:11:17.517,2.25085,2.2513,0.30,2.40
2007.11.19 22:11:18.260,2.25085,2.2513,0.30,2.40
2007.11.19 22:11:22.359,2.2508,2.2513,0.60,2.40
2007.11.19 22:11:22.521,2.2508,2.2513,0.60,2.40
2007.11.19 22:11:23.450,2.25085,2.2513,0.30,2.40
2007.11.19 22:11:27.623,2.25085,2.2513,0.30,2.40
2007.11.19 22:11:29.550,2.25085,2.2513,0.30,2.40
2007.11.19 22:11:29.592,2.2507,2.2514,1.60,6.40
2007.11.19 22:11:29.668,2.2507,2.2514,1.60,6.40
2007.11.19 22:11:29.720,2.2506,2.2514,0.30,6.40
2007.11.19 22:11:29.931,2.2506,2.2514,0.30,8.80
2007.11.19 22:11:30.263,2.2506,2.2513,0.30,1.60
2007.11.19 22:11:32.610,2.2506,2.2513,0.30,1.60
2007.11.19 22:11:33.548,2.2506,2.2513,0.30,1.60
2007.11.19 22:11:33.786,2.2506,2.2513,0.30,1.60
2007.11.19 22:11:34.094,2.2506,2.2513,0.30,1.60
2007.11.19 22:11:37.618,2.2506,2.2513,0.30,1.60
2007.11.19 22:11:39.277,2.2506,2.2512,0.30,1.60
2007.11.19 22:11:40.577,2.2506,2.2512,0.30,1.60
2007.11.19 22:11:42.619,2.2506,2.2512,0.30,1.60
2007.11.19 22:11:43.142,2.2506,2.2511,0.30,1.60
2007.11.19 22:11:43.745,2.2506,2.2511,0.30,1.60
2007.11.19 22:11:47.635,2.2506,2.2511,0.30,1.60
2007.11.19 22:11:49.447,2.2506,2.2512,0.30,1.60
2007.11.19 22:11:50.350,2.2506,2.2511,0.30,1.60
2007.11.19 22:11:51.603,2.2506,2.2511,0.30,1.60
2007.11.19 22:11:52.630,2.2506,2.2511,0.30,1.60
2007.11.19 22:11:52.802,2.2506,2.2513,0.30,1.60
2007.11.19 22:11:53.193,2.2506,2.2512,0.30,1.60
2007.11.19 22:11:53.847,2.2506,2.2512,0.30,1.60
2007.11.19 22:11:53.924,2.2506,2.2511,0.30,1.60
2007.11.19 22:11:57.632,2.2506,2.2511,0.30,1.60
2007.11.19 22:12:02.624,2.2504,2.2511,1.60,1.60
2007.11.19 22:12:03.944,2.2504,2.2511,1.60,1.60
2007.11.19 22:12:07.648,2.2504,2.2511,1.60,1.60
2007.11.19 22:12:12.629,2.2504,2.2511,1.60,1.60
2007.11.19 22:12:13.660,2.2504,2.2511,1.60,1.60
2007.11.19 22:12:14.044,2.2504,2.2511,1.60,1.60
2007.11.19 22:12:17.634,2.2504,2.2511,1.60,1.60
2007.11.19 22:12:21.753,2.2504,2.2515,1.60,5.30
2007.11.19 22:12:22.751,2.2504,2.2515,1.60,5.30
2007.11.19 22:12:34.122,2.25065,2.2511,0.30,4.00
2007.11.19 22:12:34.294,2.25065,2.2511,0.30,4.40
2007.11.19 22:12:34.467,2.25065,2.2511,0.30,4.40
2007.11.19 22:12:35.956,2.25065,2.2511,0.30,4.40
2007.11.19 22:12:37.748,2.25065,2.2511,0.30,4.40
2007.11.19 22:12:42.749,2.25065,2.2511,0.30,4.40
2007.11.19 22:12:43.485,2.25065,2.2511,0.30,5.20
2007.11.19 22:12:44.349,2.25065,2.2511,0.30,5.20
2007.11.19 22:12:46.070,2.25065,2.2511,0.30,5.20
2007.11.19 22:12:46.117,2.2506,2.25105,0.30,2.40
2007.11.19 22:12:46.165,2.2506,2.25105,0.30,2.40
2007.11.19 22:12:46.390,2.2506,2.25105,0.30,2.40
2007.11.19 22:12:46.976,2.2506,2.25105,0.30,2.40
2007.11.19 22:12:47.756,2.2506,2.25105,0.30,2.40
2007.11.19 22:12:52.760,2.2506,2.25105,0.30,2.40
2007.11.19 22:12:54.448,2.2506,2.25105,0.30,2.40
2007.11.19 22:12:56.956,2.25065,2.2511,0.30,5.20
2007.11.19 22:12:57.138,2.25065,2.2511,0.30,5.20
2007.11.19 22:12:57.227,2.25065,2.2511,0.30,5.20
2007.11.19 22:12:57.344,2.25065,2.251,0.30,1.60
2007.11.19 22:12:57.672,2.25065,2.2509,0.30,0.80
2007.11.19 22:12:57.784,2.25055,2.2509,0.30,1.20
2007.11.19 22:12:57.901,2.25055,2.2509,0.30,1.20
2007.11.19 22:12:58.019,2.25055,2.2509,0.30,2.80
2007.11.19 22:12:58.667,2.25055,2.2509,0.30,2.40
2007.11.19 22:12:59.001,2.25065,2.2509,0.30,2.40
2007.11.19 22:12:59.333,2.25065,2.251,0.30,1.60
2007.11.19 22:12:59.448,2.2506,2.251,0.30,1.60
2007.11.19 22:12:59.609,2.2506,2.251,0.30,1.60
2007.11.19 22:12:59.711,2.2506,2.251,0.30,1.60
2007.11.19 22:12:59.814,2.2506,2.25105,0.30,2.40
2007.11.19 22:12:59.917,2.2504,2.25075,1.60,2.40
2007.11.19 22:13:00.034,2.2503,2.25075,0.30,2.40
2007.11.19 22:13:00.225,2.2503,2.2507,0.30,0.80
2007.11.19 22:13:00.328,2.2503,2.2507,0.30,1.20
2007.11.19 22:13:02.143,2.2503,2.2507,0.30,2.80
2007.11.19 22:13:02.754,2.2503,2.2507,0.30,2.80
2007.11.19 22:13:04.549,2.2503,2.2507,0.30,2.80
2007.11.19 22:13:04.646,2.2501,2.25055,1.90,2.40
2007.11.19 22:13:04.725,2.2501,2.2505,1.90,0.50
2007.11.19 22:13:04.803,2.2501,2.2504,0.30,0.80
2007.11.19 22:13:04.902,2.2501,2.2504,0.30,0.80
2007.11.19 22:13:07.185,2.2501,2.2504,0.30,0.80
2007.11.19 22:13:07.764,2.2501,2.2504,0.30,0.80
2007.11.19 22:13:08.235,2.2501,2.2504,0.30,0.80
2007.11.19 22:13:08.591,2.25,2.2504,0.30,0.80
2007.11.19 22:13:08.747,2.25,2.2504,0.30,0.80
2007.11.19 22:13:08.905,2.25,2.2504,0.30,0.80
2007.11.19 22:13:09.137,2.25,2.2504,0.30,0.80
2007.11.19 22:13:09.604,2.2499,2.25035,0.30,2.40
2007.11.19 22:13:09.838,2.2499,2.2502,0.30,0.80
2007.11.19 22:13:10.030,2.2499,2.2502,0.30,0.80
2007.11.19 22:13:12.754,2.2499,2.2502,0.30,0.80
2007.11.19 22:13:14.152,2.2499,2.2502,0.30,0.80
2007.11.19 22:13:14.650,2.2499,2.2502,0.30,0.80
2007.11.19 22:13:15.175,2.2499,2.2502,0.30,0.80
2007.11.19 22:13:16.664,2.2497,2.2502,1.60,0.80
2007.11.19 22:13:16.744,2.2497,2.2502,1.60,0.80
2007.11.19 22:13:16.810,2.2494,2.2502,1.60,0.80
2007.11.19 22:13:16.862,2.2494,2.2502,1.60,0.80
2007.11.19 22:13:16.915,2.24935,2.2502,0.30,0.80
2007.11.19 22:13:17.748,2.24935,2.2502,0.30,0.80
2007.11.19 22:13:17.976,2.24935,2.2502,0.30,0.80
2007.11.19 22:13:18.265,2.24935,2.2502,0.30,0.80
2007.11.19 22:13:18.454,2.24935,2.2502,0.30,0.80
2007.11.19 22:13:20.327,2.24935,2.2502,0.30,0.80
2007.11.19 22:13:20.389,2.24935,2.2502,0.30,0.80
2007.11.19 22:13:22.766,2.24935,2.2502,0.30,0.80
2007.11.19 22:13:24.170,2.24935,2.2502,0.30,0.80
2007.11.19 22:13:24.748,2.24935,2.2503,0.30,3.60
2007.11.19 22:13:26.686,2.24935,2.2502,0.30,0.80
2007.11.19 22:13:27.770,2.24935,2.2502,0.30,0.80
2007.11.19 22:13:30.690,2.24935,2.2503,0.30,3.60
2007.11.19 22:13:30.732,2.24935,2.2503,0.30,3.60
2007.11.19 22:13:30.860,2.24935,2.2503,0.30,1.30
2007.11.19 22:13:31.023,2.2494,2.2503,1.60,1.30
2007.11.19 22:13:31.358,2.2494,2.2502,1.60,0.80
2007.11.19 22:13:32.780,2.2494,2.2502,1.60,0.80
2007.11.19 22:13:33.155,2.24955,2.2503,0.30,1.30
2007.11.19 22:13:33.298,2.24955,2.2503,0.30,0.50
2007.11.19 22:13:33.441,2.24955,2.25065,0.30,4.00
2007.11.19 22:13:34.137,2.24955,2.2506,0.30,0.60
2007.11.19 22:13:34.270,2.24955,2.2509,0.30,4.80
2007.11.19 22:13:34.423,2.24955,2.2508,0.30,4.00
2007.11.19 22:13:34.736,2.24955,2.2508,0.30,4.00
2007.11.19 22:13:34.868,2.2496,2.2509,2.40,4.00
2007.11.19 22:13:35.271,2.2496,2.2509,0.80,4.00
2007.11.19 22:13:37.170,2.2496,2.2509,0.80,4.00
2007.11.19 22:13:37.264,2.2496,2.2509,0.80,4.00
2007.11.19 22:13:37.356,2.2496,2.251,0.10,4.80
2007.11.19 22:13:37.770,2.2496,2.2508,0.10,0.90
2007.11.19 22:13:39.726,2.2496,2.2508,0.10,4.80
2007.11.19 22:13:39.778,2.2496,2.2504,0.10,0.80
2007.11.19 22:13:39.939,2.24955,2.2505,0.30,3.20
2007.11.19 22:13:39.993,2.2496,2.2504,1.60,0.80
2007.11.19 22:13:41.796,2.2496,2.2505,1.60,3.60
2007.11.19 22:13:42.381,2.2496,2.2504,1.60,0.80
2007.11.19 22:13:42.772,2.2496,2.2505,1.60,3.60
2007.11.19 22:13:44.950,2.2496,2.2505,1.60,3.60
2007.11.19 22:13:45.636,2.2496,2.2501,1.60,0.50
2007.11.19 22:13:45.900,2.2496,2.2501,1.60,1.30
2007.11.19 22:13:46.163,2.24955,2.2502,0.30,1.30
2007.11.19 22:13:46.426,2.24955,2.25,0.30,0.80
2007.11.19 22:13:46.833,2.24955,2.2504,0.30,4.80
2007.11.19 22:13:46.951,2.2496,2.2505,1.60,1.30
2007.11.19 22:13:47.769,2.2496,2.2504,1.60,0.80
2007.11.19 22:13:48.225,2.2496,2.25055,1.60,3.20
2007.11.19 22:13:48.331,2.2496,2.2506,1.60,4.80
2007.11.19 22:13:48.440,2.2496,2.2506,1.60,0.80
2007.11.19 22:13:48.697,2.2503,2.2506,0.30,0.80
2007.11.19 22:13:48.934,2.2503,2.25075,0.30,3.60
2007.11.19 22:13:52.788,2.2503,2.2507,0.30,1.20
2007.11.19 22:13:53.402,2.2503,2.2507,0.30,1.20
2007.11.19 22:13:54.317,2.2503,2.2507,0.30,2.80
2007.11.19 22:13:55.052,2.2503,2.2507,0.30,2.80
2007.11.19 22:13:57.782,2.2503,2.2507,0.30,2.80
2007.11.19 22:14:00.099,2.2501,2.2507,1.60,2.80
2007.11.19 22:14:00.362,2.25,2.2507,2.40,2.80
2007.11.19 22:14:00.484,2.25,2.2507,2.40,2.80
2007.11.19 22:14:02.785,2.25,2.2507,2.40,2.80
2007.11.19 22:14:04.424,2.25,2.2507,2.40,2.80
2007.11.19 22:14:07.779,2.25,2.2507,2.40,2.80
2007.11.19 22:14:12.782,2.25,2.2507,2.40,2.80
2007.11.19 22:14:15.709,2.25,2.2507,2.40,2.80
2007.11.19 22:14:17.795,2.25,2.2507,2.40,2.80
2007.11.19 22:14:21.399,2.25,2.2507,2.40,2.80
2007.11.19 22:14:24.922,2.2496,2.2507,5.40,0.50
2007.11.19 22:14:26.564,2.2496,2.2508,5.40,3.30
2007.11.19 22:14:26.739,2.2496,2.2507,5.40,0.50
2007.11.19 22:14:28.861,2.2497,2.2507,1.60,0.50
2007.11.19 22:14:28.994,2.2499,2.2508,2.40,5.60
2007.11.19 22:14:35.789,2.2497,2.2507,1.60,0.50
2007.11.19 22:14:35.887,2.2493,2.2507,1.60,0.50
2007.11.19 22:14:36.427,2.2494,2.2508,1.60,1.00
2007.11.19 22:14:37.755,2.2494,2.2507,1.60,0.50
2007.11.19 22:14:40.720,2.2494,2.2508,1.60,1.00
2007.11.19 22:14:40.900,2.2494,2.2505,1.60,0.60
2007.11.19 22:14:44.458,2.2494,2.2501,1.60,0.60
2007.11.19 22:14:44.698,2.2494,2.2506,1.60,2.90
2007.11.19 22:14:45.130,2.2494,2.2501,1.60,0.60
2007.11.19 22:14:45.766,2.2494,2.2501,1.60,0.60
2007.11.19 22:14:46.132,2.2494,2.2501,1.60,0.70
2007.11.19 22:14:46.224,2.2494,2.2502,1.60,3.30
2007.11.19 22:14:46.500,2.2494,2.2501,1.60,2.90
2007.11.19 22:14:46.742,2.2494,2.2501,1.60,2.90
2007.11.19 22:14:47.013,2.2494,2.2502,1.60,3.30
2007.11.19 22:14:47.505,2.2494,2.2501,1.60,2.90
2007.11.19 22:14:47.727,2.2494,2.25,1.60,0.70
2007.11.19 22:14:48.022,2.2494,2.2503,1.60,0.70
2007.11.19 22:14:48.792,2.2494,2.2507,1.60,2.90
2007.11.19 22:14:48.900,2.2491,2.2503,0.10,0.70
2007.11.19 22:14:49.009,2.2491,2.2507,0.10,2.90
2007.11.19 22:14:50.202,2.2491,2.2503,0.10,0.50
2007.11.19 22:14:52.294,2.249,2.2507,1.60,4.40
2007.11.19 22:14:52.415,2.2487,2.2504,1.60,4.00
2007.11.19 22:14:53.734,2.2487,2.2503,1.60,2.90
2007.11.19 22:14:53.931,2.2488,2.2503,0.10,2.90
2007.11.19 22:14:54.129,2.2488,2.2503,1.60,2.90
2007.11.19 22:14:54.251,2.2488,2.2505,1.60,4.40
2007.11.19 22:14:54.364,2.2493,2.2506,0.10,4.90
2007.11.19 22:14:54.477,2.2493,2.2506,0.10,3.30
2007.11.19 22:14:55.192,2.2493,2.2505,0.10,0.50
2007.11.19 22:14:55.853,2.2491,2.2503,0.10,2.40
2007.11.19 22:14:56.021,2.2491,2.2503,0.10,2.40
2007.11.19 22:14:56.363,2.249,2.2502,0.10,2.40
2007.11.19 22:14:59.823,2.249,2.2502,0.10,2.40
2007.11.19 22:15:03.655,2.249,2.2502,0.10,2.40
2007.11.19 22:15:03.973,2.249,2.2502,1.60,2.40
2007.11.19 22:15:04.105,2.2492,2.2504,0.10,2.40
2007.11.19 22:15:04.936,2.2492,2.2504,0.10,2.40
2007.11.19 22:15:05.184,2.2492,2.2504,0.10,2.40
2007.11.19 22:15:05.356,2.249,2.2502,0.10,2.40
2007.11.19 22:15:05.717,2.249,2.2501,0.10,0.50
2007.11.19 22:15:05.961,2.249,2.2501,0.10,0.50
2007.11.19 22:15:06.124,2.2488,2.25,1.60,2.40
2007.11.19 22:15:06.683,2.2488,2.25,1.60,2.40
2007.11.19 22:15:06.898,2.2489,2.25,1.60,2.40
2007.11.19 22:15:07.096,2.249,2.2502,0.10,2.40
2007.11.19 22:15:07.327,2.249,2.2498,0.10,3.70
2007.11.19 22:15:07.524,2.249,2.2498,0.10,3.70
2007.11.19 22:15:07.722,2.2488,2.2498,1.60,3.70
2007.11.19 22:15:08.073,2.2488,2.2498,1.60,6.10
2007.11.19 22:15:10.250,2.2488,2.2493,1.60,2.40
2007.11.19 22:15:10.348,2.2488,2.2493,1.60,2.40
2007.11.19 22:15:11.110,2.2488,2.2493,1.60,2.40
2007.11.19 22:15:11.321,2.2488,2.2496,1.60,4.10
2007.11.19 22:15:11.534,2.2489,2.24965,1.60,2.40
2007.11.19 22:15:11.747,2.2489,2.2497,1.60,2.40
2007.11.19 22:15:12.507,2.2488,2.2497,1.60,2.40
2007.11.19 22:15:15.947,2.2489,2.2497,1.60,2.40
2007.11.19 22:15:16.254,2.2488,2.2497,1.60,2.40
2007.11.19 22:15:19.817,2.2488,2.2497,1.60,2.40
2007.11.19 22:15:19.824,2.2488,2.2497,0.70,2.40
2007.11.19 22:15:19.926,2.2488,2.2498,1.60,6.10
2007.11.19 22:15:20.035,2.2488,2.2498,1.60,2.40
2007.11.19 22:15:20.168,2.2486,2.2498,0.10,2.40
2007.11.19 22:15:22.145,2.2486,2.2498,0.10,2.40
2007.11.19 22:15:24.778,2.2484,2.2496,1.60,2.40
2007.11.19 22:15:24.941,2.2484,2.2496,0.10,2.40
2007.11.19 22:15:25.448,2.2484,2.2496,0.10,2.40
2007.11.19 22:15:25.662,2.2486,2.2498,0.10,2.40
2007.11.19 22:15:25.890,2.2486,2.2498,0.10,2.40
2007.11.19 22:15:29.836,2.2486,2.2498,0.10,6.10
2007.11.19 22:15:30.036,2.2486,2.2498,1.60,6.10
2007.11.19 22:15:30.870,2.2486,2.2497,1.60,2.40
2007.11.19 22:15:30.978,2.2485,2.2497,1.60,2.40
2007.11.19 22:15:31.394,2.2486,2.2498,0.10,6.10
2007.11.19 22:15:31.595,2.2486,2.2498,1.60,6.10
2007.11.19 22:15:33.172,2.2486,2.2498,1.60,6.10
2007.11.19 22:15:36.558,2.2487,2.2498,1.60,6.10
2007.11.19 22:15:39.787,2.2487,2.2498,1.60,2.40
2007.11.19 22:15:39.898,2.2488,2.2499,1.60,3.70
2007.11.19 22:15:40.193,2.2487,2.2499,1.60,3.70
2007.11.19 22:15:44.197,2.2487,2.2499,1.60,3.70
2007.11.19 22:15:53.619,2.2487,2.2499,1.60,3.70
2007.11.19 22:15:53.784,2.2487,2.2498,1.60,3.70
2007.11.19 22:15:54.006,2.2487,2.2498,1.60,6.10
2007.11.19 22:15:54.303,2.2487,2.2495,1.60,3.70
2007.11.19 22:15:54.396,2.2487,2.2491,1.60,2.40
2007.11.19 22:15:54.491,2.2487,2.2491,1.60,2.40
2007.11.19 22:15:54.589,2.2486,2.2491,0.30,2.40
2007.11.19 22:15:55.223,2.2486,2.2491,0.30,2.40
2007.11.19 22:15:55.745,2.2486,2.2491,0.30,2.40
2007.11.19 22:15:55.927,2.2486,2.2493,0.30,2.40
2007.11.19 22:15:56.110,2.2486,2.2493,1.90,2.40
2007.11.19 22:15:56.518,2.2486,2.2493,1.90,2.40
2007.11.19 22:15:56.774,2.2486,2.2496,1.90,3.70
2007.11.19 22:15:56.919,2.2486,2.2497,1.90,2.40
2007.11.19 22:15:57.059,2.2486,2.2497,1.60,2.40
2007.11.19 22:15:57.212,2.2486,2.2493,0.10,3.70
2007.11.19 22:15:57.355,2.2486,2.2489,0.10,2.40
2007.11.19 22:15:57.546,2.2484,2.2489,1.90,2.40
2007.11.19 22:15:59.305,2.2484,2.2489,1.90,2.40
2007.11.19 22:15:59.723,2.2484,2.2489,1.90,2.40
2007.11.19 22:15:59.819,2.2484,2.2493,1.90,6.10
2007.11.19 22:15:59.923,2.24855,2.2497,0.10,2.40
2007.11.19 22:16:00.025,2.24855,2.2497,0.10,2.40
2007.11.19 22:16:01.156,2.24855,2.2496,0.10,0.50
2007.11.19 22:16:01.368,2.24855,2.2493,0.10,2.40
2007.11.19 22:16:01.576,2.2485,2.2493,1.60,2.40
2007.11.19 22:16:04.179,2.2486,2.2493,1.60,2.40
2007.11.19 22:16:06.256,2.2486,2.2493,1.60,2.40
2007.11.19 22:16:06.319,2.2486,2.2493,1.60,2.40
2007.11.19 22:16:06.675,2.2486,2.2493,1.60,2.40
2007.11.19 22:16:06.738,2.2486,2.2496,1.60,2.40
2007.11.19 22:16:06.897,2.2485,2.2496,1.60,2.40
2007.11.19 22:16:06.959,2.2486,2.2497,0.10,2.40
2007.11.19 22:16:07.104,2.2486,2.2497,0.10,0.60
2007.11.19 22:16:14.129,2.2487,2.2497,0.30,0.80
2007.11.19 22:16:14.260,2.2487,2.2497,0.30,9.30
2007.11.19 22:16:14.422,2.2487,2.2496,0.30,6.50
2007.11.19 22:16:14.586,2.2487,2.2493,0.30,0.70
2007.11.19 22:16:17.272,2.2487,2.2496,0.30,6.50
2007.11.19 22:16:22.539,2.2487,2.2491,0.30,0.70
2007.11.19 22:16:22.620,2.2487,2.2493,0.30,2.90
2007.11.19 22:16:22.743,2.2487,2.2491,0.30,0.80
2007.11.19 22:16:23.165,2.2487,2.2491,0.30,0.50
2007.11.19 22:16:24.601,2.2487,2.2493,0.30,2.90
2007.11.19 22:16:24.735,2.2487,2.2491,0.30,0.90
2007.11.19 22:16:27.078,2.2487,2.2493,0.30,2.90
2007.11.19 22:16:27.220,2.2487,2.2493,0.30,2.90
2007.11.19 22:16:27.364,2.2487,2.2491,0.30,0.60
2007.11.19 22:16:28.306,2.2487,2.2493,0.30,2.90
2007.11.19 22:16:29.903,2.24895,2.2491,0.30,0.60
2007.11.19 22:16:30.096,2.24895,2.2491,0.30,0.90
2007.11.19 22:16:30.323,2.24895,2.2491,0.30,0.60
2007.11.19 22:16:38.379,2.2488,2.2491,1.90,2.40
2007.11.19 22:16:38.594,2.2488,2.24895,1.60,2.40
2007.11.19 22:16:38.687,2.2486,2.2489,1.60,0.50
2007.11.19 22:16:38.786,2.2485,2.2489,0.30,0.50
2007.11.19 22:16:38.883,2.2485,2.2487,0.30,2.40
2007.11.19 22:16:38.975,2.2485,2.2487,0.30,2.40
2007.11.19 22:16:39.071,2.2485,2.2487,0.30,2.40
2007.11.19 22:16:39.166,2.2485,2.2487,0.30,2.40
2007.11.19 22:16:39.444,2.2484,2.2487,0.30,2.40
2007.11.19 22:16:39.722,2.2484,2.2489,0.30,2.40
2007.11.19 22:16:40.000,2.2484,2.2489,0.30,2.40
2007.11.19 22:16:40.278,2.2484,2.2489,0.30,2.40
2007.11.19 22:16:40.711,2.2484,2.2489,0.30,2.40
2007.11.19 22:16:40.988,2.2484,2.2489,0.30,2.40
2007.11.19 22:16:41.195,2.2484,2.2493,0.30,2.40
2007.11.19 22:16:42.966,2.2484,2.2493,0.30,2.40
2007.11.19 22:16:44.919,2.2483,2.2493,0.30,2.40
2007.11.19 22:16:45.014,2.2483,2.2493,0.30,2.40
2007.11.19 22:16:45.129,2.2482,2.2493,1.60,2.40
2007.11.19 22:16:45.283,2.2482,2.2492,1.60,2.40
2007.11.19 22:16:45.428,2.2481,2.2492,0.30,2.40
2007.11.19 22:16:45.753,2.2481,2.2492,0.30,2.40
2007.11.19 22:16:46.006,2.2481,2.24905,0.30,2.40
2007.11.19 22:16:46.261,2.2481,2.24905,0.30,2.40
2007.11.19 22:16:46.571,2.2481,2.24905,0.30,2.40
2007.11.19 22:16:46.823,2.2481,2.24925,0.70,2.40
2007.11.19 22:16:46.982,2.2483,2.249,0.30,3.70
2007.11.19 22:16:47.139,2.2482,2.2486,0.30,2.40
2007.11.19 22:16:47.296,2.2482,2.2486,0.30,2.40
2007.11.19 22:16:47.455,2.2482,2.2486,0.30,2.40
2007.11.19 22:16:49.175,2.2482,2.2486,0.30,2.40
2007.11.19 22:16:50.358,2.2482,2.2486,0.30,2.40
2007.11.19 22:16:50.912,2.2482,2.2486,0.30,2.40
2007.11.19 22:16:51.221,2.2482,2.2486,0.30,2.40
2007.11.19 22:16:51.653,2.2481,2.2486,0.30,2.40
2007.11.19 22:16:51.886,2.2481,2.2486,0.30,2.40
2007.11.19 22:16:52.120,2.248,2.2486,0.30,2.40
2007.11.19 22:16:52.312,2.248,2.2486,0.30,2.80
2007.11.19 22:16:52.505,2.248,2.2484,0.30,2.40
2007.11.19 22:16:52.698,2.248,2.2484,0.30,2.40
2007.11.19 22:16:53.107,2.2481,2.2484,0.30,2.40
2007.11.19 22:16:53.300,2.2481,2.2486,0.30,2.40
2007.11.19 22:16:53.493,2.2481,2.2486,0.30,2.40
2007.11.19 22:16:56.446,2.2481,2.2486,0.30,2.40
2007.11.19 22:16:59.541,2.24805,2.2486,0.60,2.40
2007.11.19 22:16:59.964,2.2478,2.2486,3.50,2.40
2007.11.19 22:17:00.097,2.24775,2.2486,0.60,2.40
2007.11.19 22:17:00.229,2.24775,2.2486,0.60,2.40
2007.11.19 22:17:00.443,2.2478,2.2486,0.30,2.40
2007.11.19 22:17:00.763,2.2478,2.2486,0.30,2.40
2007.11.19 22:17:01.377,2.2478,2.2486,0.30,2.40
2007.11.19 22:17:02.396,2.24775,2.2486,0.60,2.40
2007.11.19 22:17:02.613,2.24775,2.2486,0.60,4.80
2007.11.19 22:17:03.330,2.2478,2.2486,0.30,2.40
2007.11.19 22:17:03.764,2.2478,2.2486,1.20,2.40
2007.11.19 22:17:03.881,2.2479,2.2486,0.50,2.40
2007.11.19 22:17:03.999,2.2478,2.2486,2.80,2.40
2007.11.19 22:17:04.313,2.2479,2.2486,0.50,2.40
2007.11.19 22:17:05.134,2.2479,2.2486,0.50,2.40
2007.11.19 22:17:05.747,2.24775,2.2486,2.20,2.80
2007.11.19 22:17:05.900,2.24775,2.2484,2.20,2.40
2007.11.19 22:17:06.053,2.24775,2.2484,0.60,2.40
2007.11.19 22:17:06.900,2.24775,2.2484,0.60,2.40
2007.11.19 22:17:07.924,2.24785,2.2484,0.60,2.40
2007.11.19 22:17:08.208,2.24775,2.2484,0.60,2.40
2007.11.19 22:17:08.347,2.2478,2.2482,0.30,2.40
2007.11.19 22:17:08.485,2.2478,2.2482,0.30,2.40
2007.11.19 22:17:08.697,2.24775,2.2482,0.60,2.40
2007.11.19 22:17:09.056,2.24775,2.2482,0.60,2.40
2007.11.19 22:17:09.267,2.24775,2.2482,0.60,2.40
2007.11.19 22:17:10.121,2.24755,2.2482,3.80,2.40
2007.11.19 22:17:10.219,2.24755,2.248,3.80,2.40
2007.11.19 22:17:10.317,2.2476,2.248,0.30,2.40
2007.11.19 22:17:10.424,2.24755,2.248,0.60,2.40
2007.11.19 22:17:11.672,2.2473,2.248,3.70,2.40
2007.11.19 22:17:11.936,2.24725,2.2477,1.90,2.40
2007.11.19 22:17:12.050,2.24725,2.2479,0.30,3.70
2007.11.19 22:17:12.164,2.24735,2.2481,0.30,2.40
2007.11.19 22:17:12.277,2.2473,2.2481,2.20,2.40
2007.11.19 22:17:12.391,2.2473,2.2481,2.20,2.40
2007.11.19 22:17:12.502,2.24735,2.2481,0.30,2.40
2007.11.19 22:17:12.616,2.2473,2.24825,2.20,2.40
2007.11.19 22:17:12.729,2.2474,2.24825,0.70,2.40
2007.11.19 22:17:12.900,2.2475,2.24825,1.20,2.40
2007.11.19 22:17:13.129,2.24725,2.24825,1.90,2.40
2007.11.19 22:17:13.463,2.24725,2.24835,1.90,2.40
2007.11.19 22:17:13.797,2.2475,2.2482,0.70,2.40
2007.11.19 22:17:14.152,2.24715,2.2482,1.90,2.40
2007.11.19 22:17:14.376,2.2472,2.24855,1.70,2.40
2007.11.19 22:17:14.539,2.24725,2.24855,1.70,2.40
2007.11.19 22:17:14.720,2.24715,2.2481,1.90,2.40
2007.11.19 22:17:15.080,2.2473,2.2481,1.10,2.40
2007.11.19 22:17:15.343,2.24725,2.2481,1.90,2.40
2007.11.19 22:17:15.609,2.24725,2.24825,1.90,2.40
2007.11.19 22:17:15.870,2.2474,2.24815,0.60,2.40
2007.11.19 22:17:16.135,2.24735,2.24815,0.30,2.40
2007.11.19 22:17:16.333,2.2475,2.24815,0.50,2.40
2007.11.19 22:17:16.531,2.2475,2.2483,1.20,2.40
2007.11.19 22:17:16.728,2.2475,2.2483,0.80,2.40
2007.11.19 22:17:16.926,2.2474,2.2483,1.00,2.40
2007.11.19 22:17:17.123,2.24715,2.24815,1.90,2.40
2007.11.19 22:17:17.685,2.247,2.24815,3.20,2.40
2007.11.19 22:17:17.923,2.24695,2.24795,1.90,2.40
2007.11.19 22:17:18.218,2.2472,2.24795,1.20,2.40
2007.11.19 22:17:19.044,2.2472,2.24795,0.50,2.40
2007.11.19 22:17:19.227,2.24705,2.24795,1.90,2.40
2007.11.19 22:17:19.354,2.24705,2.248,1.90,2.40
2007.11.19 22:17:20.155,2.2472,2.248,0.60,2.40
2007.11.19 22:17:20.312,2.2473,2.248,0.90,2.40
2007.11.19 22:17:20.553,2.24695,2.248,1.90,2.40
2007.11.19 22:17:21.125,2.2472,2.2481,0.70,2.40
2007.11.19 22:17:21.273,2.24695,2.2481,1.90,2.40
2007.11.19 22:17:21.492,2.24695,2.2481,1.90,2.40
2007.11.19 22:17:22.192,2.24695,2.2481,1.90,2.40
2007.11.19 22:17:23.538,2.2473,2.2481,1.10,2.40
2007.11.19 22:17:24.194,2.24695,2.2481,1.90,2.40
2007.11.19 22:17:24.531,2.2473,2.2481,0.70,2.40
2007.11.19 22:17:24.750,2.2473,2.2481,2.20,4.80
2007.11.19 22:17:24.970,2.24735,2.2481,1.90,2.40
2007.11.19 22:17:25.229,2.2474,2.2481,0.60,2.40
2007.11.19 22:17:26.676,2.24735,2.2481,1.90,2.40
2007.11.19 22:17:27.293,2.24735,2.2481,1.90,2.40
2007.11.19 22:17:27.622,2.24735,2.2481,1.90,2.40
2007.11.19 22:17:27.943,2.24725,2.2481,1.90,2.40
2007.11.19 22:17:28.341,2.24725,2.2481,1.90,2.40
2007.11.19 22:17:28.544,2.2474,2.2481,0.80,2.40
2007.11.19 22:17:28.759,2.2474,2.248,0.90,2.40
2007.11.19 22:17:28.968,2.2473,2.248,1.20,2.40
2007.11.19 22:17:29.164,2.24715,2.248,1.90,2.40
2007.11.19 22:17:29.877,2.24715,2.2479,1.90,2.40
2007.11.19 22:17:30.171,2.2472,2.2479,0.60,2.40
2007.11.19 22:17:30.464,2.24715,2.2479,1.90,2.40
2007.11.19 22:17:30.686,2.24735,2.2479,0.30,2.40
2007.11.19 22:17:30.910,2.24735,2.2481,0.30,2.40
2007.11.19 22:17:31.132,2.2474,2.2481,0.90,2.40
2007.11.19 22:17:31.355,2.2474,2.2481,0.70,2.40
2007.11.19 22:17:31.524,2.2473,2.2481,0.70,2.40
2007.11.19 22:17:31.978,2.2473,2.2481,1.10,2.40
2007.11.19 22:17:32.921,2.2473,2.2481,0.60,2.40
2007.11.19 22:17:33.238,2.24725,2.2481,1.90,2.40
2007.11.19 22:17:33.402,2.24725,2.2481,1.90,2.40
2007.11.19 22:17:33.751,2.2474,2.2481,0.90,2.40
2007.11.19 22:17:33.928,2.24725,2.2481,1.90,2.40
2007.11.19 22:17:34.106,2.2475,2.2481,0.80,2.40
2007.11.19 22:17:34.285,2.2472,2.2481,2.10,2.40
2007.11.19 22:17:34.462,2.2474,2.2479,1.10,2.40
2007.11.19 22:17:35.625,2.2474,2.2479,1.10,2.40
2007.11.19 22:17:35.804,2.24725,2.2479,1.90,2.40
2007.11.19 22:17:35.982,2.2476,2.2481,0.70,2.40
2007.11.19 22:17:36.664,2.2476,2.2481,1.00,2.40
2007.11.19 22:17:36.849,2.2475,2.2481,2.10,2.40
2007.11.19 22:17:37.179,2.2476,2.2481,0.60,2.40
2007.11.19 22:17:37.356,2.24725,2.2481,1.90,2.40
2007.11.19 22:17:38.995,2.24725,2.2481,1.90,2.40
2007.11.19 22:17:39.188,2.2472,2.2481,2.10,2.40
2007.11.19 22:17:39.381,2.2472,2.2479,2.10,2.40
2007.11.19 22:17:41.316,2.2472,2.2479,2.10,2.40
2007.11.19 22:17:42.985,2.2472,2.2479,2.10,2.40
2007.11.19 22:17:43.737,2.2474,2.2481,1.20,2.40
2007.11.19 22:17:43.904,2.24715,2.2481,1.90,2.40
2007.11.19 22:17:44.329,2.2472,2.2481,1.00,2.40
2007.11.19 22:17:45.243,2.24715,2.2481,1.90,2.40
2007.11.19 22:17:45.599,2.24715,2.2481,1.90,2.40
2007.11.19 22:17:45.716,2.24735,2.2481,0.30,2.40
2007.11.19 22:17:45.834,2.24735,2.2483,0.30,2.40
2007.11.19 22:17:46.092,2.2474,2.2483,1.60,2.40
2007.11.19 22:17:47.112,2.2474,2.2483,1.60,2.40
2007.11.19 22:17:47.421,2.2473,2.2483,1.60,2.40
2007.11.19 22:17:47.524,2.2473,2.2483,1.60,2.40
2007.11.19 22:17:48.146,2.2473,2.248,1.60,0.50
2007.11.19 22:17:48.330,2.2473,2.2479,1.60,2.40
2007.11.19 22:17:48.511,2.2471,2.2479,1.60,2.40
2007.11.19 22:17:49.224,2.2472,2.2479,1.60,2.40
2007.11.19 22:17:50.151,2.2471,2.2479,1.60,2.40
2007.11.19 22:17:51.580,2.2471,2.2479,1.60,2.40
2007.11.19 22:17:51.742,2.2471,2.248,1.60,0.30
2007.11.19 22:17:51.811,2.2471,2.2481,1.60,2.40
2007.11.19 22:17:51.889,2.2472,2.2481,1.60,2.40
2007.11.19 22:17:51.979,2.2472,2.2481,1.60,2.40
2007.11.19 22:17:52.257,2.2472,2.2479,1.60,2.40
2007.11.19 22:17:52.536,2.2471,2.2479,1.60,2.40
2007.11.19 22:17:53.081,2.2471,2.2479,1.60,2.40
2007.11.19 22:17:55.232,2.247,2.2479,1.60,2.40
2007.11.19 22:17:56.569,2.247,2.2479,1.60,2.40
2007.11.19 22:17:56.687,2.247,2.2478,1.60,0.50
2007.11.19 22:17:56.805,2.247,2.2478,1.60,2.80
2007.11.19 22:17:56.923,2.247,2.2478,1.60,2.80
2007.11.19 22:17:57.256,2.24695,2.2478,0.30,2.80
2007.11.19 22:17:57.732,2.2469,2.2478,2.20,2.80
2007.11.19 22:17:58.937,2.24695,2.2478,1.90,2.80
2007.11.19 22:18:01.636,2.247,2.2478,0.60,2.80
2007.11.19 22:18:01.752,2.247,2.2475,0.60,2.40
2007.11.19 22:18:01.865,2.247,2.2475,0.90,2.40
2007.11.19 22:18:01.984,2.247,2.2475,0.50,2.40
2007.11.19 22:18:02.097,2.2469,2.2475,0.80,2.40
2007.11.19 22:18:02.246,2.2469,2.2475,0.80,2.40
2007.11.19 22:18:02.379,2.24675,2.2475,1.90,2.40
2007.11.19 22:18:06.402,2.24675,2.2475,1.90,2.40
2007.11.19 22:18:07.668,2.2469,2.2475,0.50,2.40
2007.11.19 22:18:08.674,2.2469,2.2475,2.20,2.40
2007.11.19 22:18:08.914,2.2469,2.2481,1.10,2.40
2007.11.19 22:18:09.152,2.24685,2.2481,1.70,2.40
2007.11.19 22:18:09.391,2.24685,2.2481,1.70,2.40
2007.11.19 22:18:10.221,2.24685,2.2479,1.70,3.70
2007.11.19 22:18:10.399,2.24685,2.2475,1.70,2.40
2007.11.19 22:18:10.577,2.24675,2.2475,1.90,2.40
2007.11.19 22:18:11.781,2.24675,2.2478,1.90,4.80
2007.11.19 22:18:12.029,2.24675,2.2478,1.90,2.80
2007.11.19 22:18:12.277,2.24675,2.2478,1.90,2.80
2007.11.19 22:18:14.636,2.247,2.2478,0.50,0.50
2007.11.19 22:18:14.868,2.247,2.2479,1.00,2.40
2007.11.19 22:18:15.937,2.24675,2.2479,1.90,2.40
2007.11.19 22:18:16.209,2.247,2.2478,0.60,2.40
2007.11.19 22:18:16.292,2.247,2.2477,0.70,2.40
2007.11.19 22:18:16.450,2.24675,2.2477,1.90,2.40
2007.11.19 22:18:17.514,2.2469,2.2477,1.20,4.80
2007.11.19 22:18:18.330,2.24675,2.2477,1.90,4.80
2007.11.19 22:18:18.696,2.247,2.2477,0.60,4.80
2007.11.19 22:18:19.154,2.24675,2.2477,1.90,4.80
2007.11.19 22:18:19.283,2.247,2.2477,0.60,2.40
2007.11.19 22:18:19.680,2.24685,2.2477,1.90,2.40
2007.11.19 22:18:19.808,2.24685,2.2478,1.90,2.40
2007.11.19 22:18:20.101,2.247,2.2479,1.20,4.80
2007.11.19 22:18:21.115,2.24695,2.2479,1.90,4.80
2007.11.19 22:18:21.295,2.24695,2.2479,1.90,4.80
2007.11.19 22:18:21.438,2.24695,2.2479,1.90,4.80
2007.11.19 22:18:21.587,2.24695,2.2479,1.90,4.80
2007.11.19 22:18:22.148,2.24695,2.2479,1.90,4.80
2007.11.19 22:18:25.581,2.2468,2.2479,3.20,4.80
2007.11.19 22:18:25.783,2.247,2.2477,1.10,2.40
2007.11.19 22:18:25.975,2.24675,2.2477,1.90,2.40
2007.11.19 22:18:26.125,2.24695,2.2477,0.30,2.40
2007.11.19 22:18:26.272,2.24695,2.2478,1.90,0.50
2007.11.19 22:18:26.420,2.24695,2.2479,1.90,2.40
2007.11.19 22:18:29.200,2.2472,2.2479,1.60,2.40
2007.11.19 22:18:29.714,2.2472,2.2479,1.60,2.40
2007.11.19 22:18:30.865,2.2471,2.2479,1.60,2.40
2007.11.19 22:18:34.176,2.2471,2.2479,1.60,2.40
2007.11.19 22:18:34.391,2.2471,2.24795,1.60,2.40
2007.11.19 22:18:34.478,2.2471,2.24805,1.60,2.40
2007.11.19 22:18:34.887,2.2472,2.24805,1.60,2.40
2007.11.19 22:18:35.025,2.2472,2.24805,1.60,2.40
2007.11.19 22:18:35.233,2.2472,2.2481,1.60,4.80
2007.11.19 22:18:35.370,2.2472,2.2481,1.60,4.80
2007.11.19 22:18:35.507,2.2473,2.2481,1.60,4.80
2007.11.19 22:18:37.200,2.2473,2.2481,1.60,4.80
2007.11.19 22:18:37.263,2.2473,2.2479,1.60,2.40
2007.11.19 22:18:37.327,2.2472,2.2479,1.60,2.40
2007.11.19 22:18:37.389,2.2471,2.2479,1.60,2.40
2007.11.19 22:18:37.575,2.2471,2.2479,1.60,4.80
2007.11.19 22:18:39.666,2.2471,2.2479,1.60,4.80
2007.11.19 22:18:39.853,2.2471,2.2477,1.60,2.40
2007.11.19 22:18:40.041,2.2469,2.2477,1.60,2.40
2007.11.19 22:18:40.741,2.2469,2.2477,1.60,2.40
2007.11.19 22:18:42.344,2.2469,2.2477,1.60,2.40
2007.11.19 22:18:42.666,2.2469,2.2477,1.60,2.40
2007.11.19 22:18:42.943,2.2469,2.2477,1.60,2.40
2007.11.19 22:18:43.091,2.2469,2.2477,1.60,4.80
2007.11.19 22:18:43.239,2.247,2.2477,1.60,4.80
2007.11.19 22:18:43.387,2.24685,2.2474,0.30,2.40
2007.11.19 22:18:44.263,2.24685,2.2474,0.30,0.90
2007.11.19 22:18:44.864,2.24685,2.2474,0.30,0.80
2007.11.19 22:18:45.274,2.24685,2.2474,0.30,2.40
2007.11.19 22:18:46.097,2.24695,2.2474,0.30,2.40
2007.11.19 22:18:46.315,2.24695,2.2474,0.30,2.40
2007.11.19 22:18:46.533,2.24695,2.2474,0.30,2.40
2007.11.19 22:18:47.143,2.24705,2.2474,0.30,2.40
2007.11.19 22:18:47.313,2.24705,2.2476,0.30,2.40
2007.11.19 22:18:47.475,2.24705,2.2476,0.30,2.40
2007.11.19 22:18:47.640,2.24705,2.2476,0.30,2.40
2007.11.19 22:18:47.803,2.24715,2.2476,0.30,2.40
2007.11.19 22:18:47.966,2.24715,2.2476,0.30,2.40
2007.11.19 22:18:50.148,2.24705,2.2476,0.30,2.40
2007.11.19 22:18:50.216,2.24705,2.2476,0.30,2.40
2007.11.19 22:18:50.285,2.24705,2.2476,0.30,2.40
2007.11.19 22:18:50.456,2.24705,2.2476,0.30,2.40
2007.11.19 22:18:50.524,2.24705,2.2476,0.30,2.40
2007.11.19 22:18:50.592,2.2469,2.2476,3.20,2.40
2007.11.19 22:18:50.668,2.2469,2.2476,1.60,2.40
2007.11.19 22:18:50.735,2.2469,2.2476,1.60,2.40
2007.11.19 22:18:50.875,2.2468,2.2476,1.60,2.40
2007.11.19 22:18:51.016,2.2468,2.2476,1.60,2.40
2007.11.19 22:18:51.319,2.2469,2.2476,1.60,2.40
2007.11.19 22:18:51.693,2.2469,2.2476,1.60,2.40
2007.11.19 22:18:51.996,2.2467,2.2476,1.60,2.40
2007.11.19 22:18:52.298,2.2467,2.2476,2.00,2.40
2007.11.19 22:18:52.506,2.2468,2.2476,1.60,2.40
2007.11.19 22:18:53.566,2.2468,2.2476,1.60,2.40
2007.11.19 22:18:53.744,2.2468,2.2476,1.60,2.40
2007.11.19 22:18:53.881,2.2468,2.2476,1.60,2.40
2007.11.19 22:18:54.019,2.2467,2.2476,1.60,2.40
2007.11.19 22:18:54.256,2.2467,2.2476,1.60,2.40
2007.11.19 22:18:54.695,2.2467,2.2475,1.60,0.50
2007.11.19 22:18:54.838,2.2467,2.2474,1.60,2.40
2007.11.19 22:18:54.980,2.2467,2.2474,0.10,2.40
2007.11.19 22:18:55.123,2.2467,2.2474,1.60,2.40
2007.11.19 22:18:55.325,2.2467,2.2474,1.60,2.40
2007.11.19 22:18:55.741,2.2467,2.2474,1.60,2.40
2007.11.19 22:18:55.974,2.2468,2.2476,1.60,2.40
2007.11.19 22:18:56.207,2.2468,2.2476,1.60,2.40
2007.11.19 22:18:57.199,2.2468,2.2476,1.60,2.40
2007.11.19 22:18:57.404,2.24685,2.24785,0.30,2.40
2007.11.19 22:18:57.512,2.247,2.24785,1.60,2.40
2007.11.19 22:18:58.143,2.247,2.2479,1.60,2.40
2007.11.19 22:19:01.658,2.247,2.2479,1.60,2.40
2007.11.19 22:19:01.781,2.247,2.2479,1.60,2.40
2007.11.19 22:19:01.898,2.247,2.2477,1.60,2.40
2007.11.19 22:19:01.991,2.2469,2.2477,1.60,2.40
2007.11.19 22:19:02.798,2.2469,2.2477,1.60,2.40
2007.11.19 22:19:04.658,2.2469,2.2477,1.60,2.40
2007.11.19 22:19:04.764,2.2469,2.2477,1.60,2.40
2007.11.19 22:19:04.971,2.247,2.2477,1.60,2.40
2007.11.19 22:19:05.159,2.247,2.2479,1.60,2.40
2007.11.19 22:19:05.584,2.247,2.2479,1.60,2.40
2007.11.19 22:19:05.920,2.2471,2.2479,1.60,2.40
2007.11.19 22:19:06.261,2.247,2.24795,1.60,2.40
2007.11.19 22:19:08.823,2.247,2.24795,1.60,2.40
2007.11.19 22:19:13.680,2.24695,2.24795,0.30,2.40
2007.11.19 22:19:14.838,2.247,2.24795,1.60,2.40
2007.11.19 22:19:23.215,2.24695,2.24795,0.30,2.40
2007.11.19 22:19:24.869,2.24695,2.24795,0.30,2.40
2007.11.19 22:19:25.476,2.2469,2.24795,2.20,2.40
2007.11.19 22:19:27.040,2.24695,2.24795,1.90,2.40
2007.11.19 22:19:27.281,2.24695,2.24795,1.90,2.40
2007.11.19 22:19:27.407,2.24695,2.24795,1.90,2.40
2007.11.19 22:19:27.591,2.247,2.24795,0.90,2.40
2007.11.19 22:19:28.183,2.24685,2.24795,1.90,2.40
2007.11.19 22:19:28.366,2.24685,2.2479,1.90,2.40
2007.11.19 22:19:28.483,2.24685,2.2479,1.90,2.40
2007.11.19 22:19:30.389,2.2469,2.2477,0.70,2.40
2007.11.19 22:19:33.164,2.2469,2.2477,2.20,2.40
2007.11.19 22:19:33.355,2.24695,2.2479,0.30,2.40
2007.11.19 22:19:33.509,2.247,2.2479,0.60,2.40
2007.11.19 22:19:33.807,2.247,2.2479,0.60,2.40
2007.11.19 22:19:34.515,2.2469,2.2479,2.20,2.40
2007.11.19 22:19:35.031,2.2469,2.2479,0.60,2.40
2007.11.19 22:19:35.249,2.2469,2.2479,2.20,2.40
2007.11.19 22:19:35.952,2.2469,2.2479,2.20,2.40
2007.11.19 22:19:39.395,2.2469,2.2479,2.20,2.40
2007.11.19 22:19:39.483,2.2469,2.248,2.60,2.80
2007.11.19 22:19:40.279,2.24695,2.248,0.30,2.80
2007.11.19 22:19:41.348,2.2469,2.2477,2.60,0.50
2007.11.19 22:19:41.445,2.2469,2.2476,2.60,2.40
2007.11.19 22:19:41.528,2.24695,2.2476,0.30,2.40
2007.11.19 22:19:42.088,2.2469,2.2476,1.00,2.40
2007.11.19 22:19:46.977,2.2469,2.2476,1.00,2.40
2007.11.19 22:19:49.869,2.24695,2.2476,0.30,2.40
2007.11.19 22:19:56.279,2.24695,2.2476,0.30,2.40
2007.11.19 22:19:58.008,2.24695,2.2476,0.30,2.40
2007.11.19 22:20:08.306,2.2468,2.2476,3.20,2.40
2007.11.19 22:20:08.767,2.2468,2.2476,3.20,2.40
2007.11.19 22:20:08.977,2.2468,2.2476,3.20,2.40
2007.11.19 22:20:10.607,2.24725,2.2476,0.30,2.40
2007.11.19 22:20:10.771,2.24725,2.2476,0.30,2.40
2007.11.19 22:20:10.941,2.24725,2.2476,0.30,2.40
2007.11.19 22:20:11.103,2.24725,2.2476,0.30,2.40
2007.11.19 22:20:12.656,2.2475,2.2476,0.30,2.40
2007.11.19 22:20:12.857,2.2475,2.248,0.30,2.40
2007.11.19 22:20:12.970,2.2473,2.248,1.60,2.40
2007.11.19 22:20:13.064,2.24735,2.2481,0.10,2.80
2007.11.19 22:20:13.158,2.24735,2.2481,0.10,2.80
2007.11.19 22:20:13.376,2.24695,2.248,0.40,2.40
2007.11.19 22:20:13.594,2.24695,2.248,0.30,4.80
2007.11.19 22:20:14.639,2.24695,2.2479,0.30,0.50
2007.11.19 22:20:14.816,2.24695,2.2478,0.30,2.40
2007.11.19 22:20:15.085,2.24695,2.2478,0.30,2.40
2007.11.19 22:20:15.689,2.24695,2.2478,0.30,2.40
2007.11.19 22:20:17.236,2.2471,2.2478,0.50,2.40
2007.11.19 22:20:17.318,2.2471,2.2478,0.50,2.40
2007.11.19 22:20:17.402,2.2471,2.2478,0.50,2.40
2007.11.19 22:20:17.939,2.2471,2.2478,0.50,2.40
2007.11.19 22:20:18.101,2.2471,2.2478,0.50,2.40
2007.11.19 22:20:18.265,2.247,2.2476,4.00,2.40
2007.11.19 22:20:18.428,2.24695,2.2476,0.30,2.40
2007.11.19 22:20:19.011,2.24695,2.2476,0.30,2.40
2007.11.19 22:20:19.190,2.24695,2.2476,0.30,2.40
2007.11.19 22:20:19.338,2.24695,2.2476,0.30,2.40
2007.11.19 22:20:19.485,2.24695,2.2476,0.30,2.40
2007.11.19 22:20:20.039,2.24695,2.2476,0.30,2.40
2007.11.19 22:20:20.232,2.24695,2.2476,0.30,2.40
2007.11.19 22:20:20.767,2.2471,2.2476,0.50,2.40
2007.11.19 22:20:20.985,2.24725,2.2476,0.30,2.40
2007.11.19 22:20:21.203,2.24725,2.2476,0.30,2.40
2007.11.19 22:20:21.420,2.24725,2.2476,0.30,2.40
2007.11.19 22:20:21.678,2.24735,2.2476,0.30,2.40
2007.11.19 22:20:21.822,2.24735,2.2478,0.30,2.40
2007.11.19 22:20:21.963,2.24735,2.2478,0.30,2.40
2007.11.19 22:20:23.640,2.24725,2.2478,0.30,2.40
2007.11.19 22:20:23.730,2.24725,2.2478,0.30,2.40
2007.11.19 22:20:23.862,2.24725,2.2478,0.30,2.40
2007.11.19 22:20:23.931,2.24725,2.2478,0.30,2.40
2007.11.19 22:20:25.616,2.24735,2.2478,0.30,2.40
2007.11.19 22:20:25.729,2.24735,2.2478,0.30,2.40
2007.11.19 22:20:25.827,2.24735,2.2478,0.30,2.40
2007.11.19 22:20:25.962,2.24735,2.2478,0.30,2.40
2007.11.19 22:20:28.209,2.2475,2.2478,0.30,2.40
2007.11.19 22:20:28.282,2.2475,2.2481,0.30,6.80
2007.11.19 22:20:28.356,2.2475,2.2481,0.30,6.80
2007.11.19 22:20:28.437,2.2475,2.2481,0.30,5.20
2007.11.19 22:20:28.515,2.2475,2.2481,0.30,2.80
2007.11.19 22:20:29.222,2.2475,2.2481,0.30,2.80
2007.11.19 22:20:29.430,2.247,2.248,1.60,2.40
2007.11.19 22:20:29.638,2.247,2.248,1.60,2.40
2007.11.19 22:20:31.329,2.247,2.2478,1.60,2.40
2007.11.19 22:20:31.386,2.24695,2.2478,0.30,2.40
2007.11.19 22:20:31.884,2.24695,2.2479,0.30,2.90
2007.11.19 22:20:33.196,2.2469,2.2478,1.60,2.40
2007.11.19 22:20:33.335,2.2469,2.2478,1.60,2.40
2007.11.19 22:20:33.604,2.2469,2.2478,1.60,2.40
2007.11.19 22:20:34.660,2.2471,2.2478,0.50,2.40
2007.11.19 22:20:34.849,2.2471,2.2478,0.50,2.40
2007.11.19 22:20:38.888,2.2471,2.2478,2.00,2.40
2007.11.19 22:20:39.193,2.2471,2.2478,0.50,2.40
2007.11.19 22:20:42.377,2.2471,2.2478,0.50,2.40
2007.11.19 22:20:42.926,2.2471,2.2478,2.00,2.40
2007.11.19 22:20:45.205,2.2471,2.2478,0.50,2.40
2007.11.19 22:20:47.194,2.2471,2.2478,2.00,2.40
2007.11.19 22:20:47.405,2.2471,2.2478,0.50,2.40
2007.11.19 22:20:52.057,2.2471,2.2478,0.50,2.40
2007.11.19 22:20:52.189,2.247,2.2475,5.60,2.80
2007.11.19 22:20:52.321,2.247,2.2475,4.00,2.80
2007.11.19 22:20:52.455,2.2469,2.2475,0.70,2.80
2007.11.19 22:20:53.108,2.2469,2.2473,0.30,0.50
2007.11.19 22:20:53.301,2.2469,2.2476,0.30,1.60
2007.11.19 22:20:53.495,2.2471,2.2477,4.00,2.40
2007.11.19 22:20:53.706,2.2473,2.2477,0.30,2.40
2007.11.19 22:20:53.900,2.2473,2.2478,0.30,2.00
2007.11.19 22:20:54.183,2.2473,2.2478,0.30,0.50
2007.11.19 22:20:54.957,2.2472,2.2478,4.00,0.50
2007.11.19 22:20:55.160,2.2472,2.2478,4.00,0.50
2007.11.19 22:20:55.273,2.2472,2.2477,4.00,0.50
2007.11.19 22:20:55.392,2.2472,2.2477,4.00,0.50
2007.11.19 22:20:55.508,2.2471,2.2477,0.80,0.50
2007.11.19 22:20:55.947,2.2471,2.2477,0.80,2.80
2007.11.19 22:20:56.245,2.2468,2.2477,1.60,0.50
2007.11.19 22:20:56.702,2.2468,2.2477,1.60,2.80
2007.11.19 22:20:59.810,2.2468,2.2477,4.00,2.80
2007.11.19 22:20:59.994,2.247,2.2477,5.60,0.50
2007.11.19 22:21:00.116,2.247,2.2477,5.60,0.50
2007.11.19 22:21:00.239,2.247,2.2477,5.60,2.40
2007.11.19 22:21:00.362,2.247,2.2477,5.60,2.40
2007.11.19 22:21:00.484,2.247,2.2477,5.60,2.40
2007.11.19 22:21:00.608,2.247,2.2477,5.60,2.40
2007.11.19 22:21:00.731,2.247,2.2479,5.60,1.60
2007.11.19 22:21:00.854,2.247,2.248,4.00,2.40
2007.11.19 22:21:01.506,2.247,2.248,4.00,2.40
2007.11.19 22:21:01.774,2.2471,2.248,0.50,2.40
2007.11.19 22:21:03.249,2.2473,2.248,0.50,2.40
2007.11.19 22:21:03.336,2.2473,2.248,0.50,2.40
2007.11.19 22:21:03.453,2.2473,2.248,0.50,2.40
2007.11.19 22:21:03.840,2.2473,2.2482,0.50,2.40
2007.11.19 22:21:04.040,2.2473,2.2482,0.50,2.40
2007.11.19 22:21:04.192,2.2473,2.2482,0.50,2.40
2007.11.19 22:21:06.252,2.2472,2.2482,4.00,2.40
2007.11.19 22:21:06.396,2.2471,2.2482,2.00,2.40
2007.11.19 22:21:06.498,2.2471,2.2482,0.50,2.40
2007.11.19 22:21:06.979,2.24715,2.2481,0.30,1.20
2007.11.19 22:21:07.082,2.24715,2.2481,0.30,1.20
2007.11.19 22:21:07.185,2.24715,2.2479,0.30,1.60
2007.11.19 22:21:07.288,2.24715,2.2478,0.30,2.40
2007.11.19 22:21:07.455,2.24715,2.2478,0.30,2.40
2007.11.19 22:21:08.253,2.2474,2.2478,0.30,2.40
2007.11.19 22:21:08.424,2.2474,2.2479,0.30,4.00
2007.11.19 22:21:08.537,2.2474,2.2479,0.30,2.40
2007.11.19 22:21:08.656,2.2474,2.2479,0.30,2.40
2007.11.19 22:21:09.160,2.2474,2.2478,0.30,0.50
2007.11.19 22:21:09.664,2.2474,2.2478,0.30,0.50
2007.11.19 22:21:09.842,2.2474,2.2478,0.30,0.50
2007.11.19 22:21:10.021,2.2474,2.2478,0.30,0.50
2007.11.19 22:21:10.202,2.2474,2.2477,0.30,2.40
2007.11.19 22:21:10.374,2.2474,2.2476,0.30,2.40
2007.11.19 22:21:10.702,2.2474,2.2475,0.30,0.50
2007.11.19 22:21:10.875,2.2474,2.2475,0.30,2.80
2007.11.19 22:21:11.048,2.2472,2.2475,1.60,2.80
2007.11.19 22:21:11.221,2.2473,2.2475,0.30,0.50
2007.11.19 22:21:11.401,2.2473,2.2477,0.30,0.50
2007.11.19 22:21:11.676,2.2473,2.2477,0.30,0.50
2007.11.19 22:21:11.982,2.2473,2.2477,0.30,0.50
2007.11.19 22:21:13.607,2.2472,2.2477,5.60,0.50
2007.11.19 22:21:13.721,2.2472,2.2477,5.60,0.50
2007.11.19 22:21:13.810,2.2472,2.2477,1.60,0.50
2007.11.19 22:21:13.911,2.2471,2.2477,0.10,0.50
2007.11.19 22:21:13.995,2.2468,2.2477,1.60,2.80
2007.11.19 22:21:14.224,2.2467,2.2477,1.60,2.80
2007.11.19 22:21:14.411,2.2467,2.2477,1.60,2.80
2007.11.19 22:21:14.751,2.2467,2.2477,1.60,2.40
2007.11.19 22:21:15.176,2.2467,2.2477,1.60,2.40
2007.11.19 22:21:15.425,2.2467,2.2477,1.60,2.40
2007.11.19 22:21:15.673,2.2468,2.24775,1.60,2.40
2007.11.19 22:21:15.922,2.2467,2.2476,1.60,2.40
2007.11.19 22:21:16.160,2.2467,2.2476,1.60,4.80
2007.11.19 22:21:16.758,2.2467,2.2476,1.60,2.40
2007.11.19 22:21:17.144,2.2466,2.2476,1.60,2.40
2007.11.19 22:21:17.297,2.2466,2.2476,1.60,2.40
2007.11.19 22:21:17.459,2.2466,2.2476,1.60,4.80
2007.11.19 22:21:17.768,2.2466,2.2475,1.60,0.50
2007.11.19 22:21:18.727,2.2469,2.2475,0.50,0.50
2007.11.19 22:21:18.865,2.2469,2.2475,2.80,0.50
2007.11.19 22:21:18.962,2.2471,2.2475,0.30,0.50
2007.11.19 22:21:19.060,2.2471,2.2475,0.30,0.50
2007.11.19 22:21:19.160,2.24715,2.2476,0.30,0.50
2007.11.19 22:21:19.258,2.24715,2.24795,0.30,2.40
2007.11.19 22:21:19.271,2.2471,2.24795,1.00,2.40
2007.11.19 22:21:19.355,2.24715,2.24805,0.30,2.40
2007.11.19 22:21:19.515,2.24705,2.24805,1.00,2.40
2007.11.19 22:21:19.612,2.2471,2.2484,0.80,2.40
2007.11.19 22:21:19.812,2.2471,2.2485,0.80,1.60
2007.11.19 22:21:20.145,2.2471,2.2487,0.80,1.60
2007.11.19 22:21:20.982,2.24745,2.2486,0.10,1.60
2007.11.19 22:21:21.119,2.24705,2.2482,1.00,2.40
2007.11.19 22:21:21.280,2.24705,2.2482,1.00,2.40
2007.11.19 22:21:21.928,2.24705,2.2482,1.00,2.40
2007.11.19 22:21:22.067,2.2474,2.2486,0.10,4.00
2007.11.19 22:21:22.550,2.2471,2.2486,0.80,1.60
2007.11.19 22:21:22.783,2.2472,2.2486,3.80,1.60
2007.11.19 22:21:23.015,2.2475,2.2485,0.10,1.60
2007.11.19 22:21:23.499,2.2472,2.2487,3.80,2.40
2007.11.19 22:21:23.681,2.2472,2.2487,3.80,2.40
2007.11.19 22:21:23.864,2.2471,2.2483,2.40,2.40
2007.11.19 22:21:24.049,2.2471,2.24825,0.70,2.40
2007.11.19 22:21:24.317,2.2471,2.24825,0.70,2.40
2007.11.19 22:21:24.585,2.2472,2.2483,0.10,2.40
2007.11.19 22:21:24.852,2.2472,2.2483,1.10,2.40
2007.11.19 22:21:25.121,2.2472,2.2483,1.10,2.40
2007.11.19 22:21:25.679,2.2472,2.2483,1.10,2.40
2007.11.19 22:21:25.852,2.2471,2.2483,2.40,2.40
2007.11.19 22:21:26.030,2.24715,2.2483,0.10,4.00
2007.11.19 22:21:26.722,2.2471,2.2483,0.40,4.00
2007.11.19 22:21:26.925,2.2469,2.2483,2.40,4.00
2007.11.19 22:21:27.201,2.24705,2.2482,0.10,0.50
2007.11.19 22:21:27.404,2.2469,2.2481,2.40,2.40
2007.11.19 22:21:27.606,2.24685,2.2481,2.60,4.80
2007.11.19 22:21:28.126,2.2469,2.2481,0.70,4.80
2007.11.19 22:21:28.329,2.2469,2.2481,0.90,8.50
2007.11.19 22:21:28.472,2.24675,2.24805,1.70,2.40
2007.11.19 22:21:28.968,2.2467,2.2479,1.70,2.40
2007.11.19 22:21:30.189,2.2468,2.2481,1.70,6.10
2007.11.19 22:21:30.241,2.247,2.2481,1.70,6.10
2007.11.19 22:21:30.294,2.2471,2.2481,0.10,6.10
2007.11.19 22:21:30.349,2.2471,2.2481,0.10,2.40
2007.11.19 22:21:32.273,2.247,2.2481,5.00,2.40
2007.11.19 22:21:35.298,2.2471,2.2481,0.60,2.40
2007.11.19 22:21:37.768,2.2471,2.2481,0.60,2.40
2007.11.19 22:21:38.776,2.247,2.2479,6.60,2.40
2007.11.19 22:21:39.032,2.247,2.2479,6.60,2.40
2007.11.19 22:21:39.205,2.2471,2.2477,0.60,2.40
2007.11.19 22:21:39.378,2.2471,2.2477,0.50,2.40
2007.11.19 22:21:45.844,2.247,2.2479,6.50,2.40
2007.11.19 22:21:46.673,2.2471,2.2479,0.50,2.40
2007.11.19 22:21:46.799,2.247,2.2479,4.00,2.40
2007.11.19 22:21:46.905,2.2469,2.2479,2.00,2.40
2007.11.19 22:21:46.993,2.2469,2.2479,2.00,2.40
2007.11.19 22:21:47.313,2.2469,2.2479,0.50,2.40
2007.11.19 22:21:48.027,2.2469,2.2479,0.50,2.40
2007.11.19 22:21:48.787,2.2469,2.2479,0.50,2.40
2007.11.19 22:21:49.221,2.2469,2.2479,0.50,4.80
2007.11.19 22:21:49.278,2.2469,2.2479,0.50,4.80
2007.11.19 22:21:49.337,2.2468,2.2479,4.00,4.80
2007.11.19 22:21:49.471,2.2467,2.2479,2.00,4.80
2007.11.19 22:21:49.576,2.2468,2.2479,1.60,4.80
2007.11.19 22:21:49.639,2.247,2.2479,0.30,4.80
2007.11.19 22:21:49.692,2.247,2.2479,0.30,4.80
2007.11.19 22:21:50.026,2.2471,2.2479,0.30,2.40
2007.11.19 22:21:50.359,2.2471,2.2479,0.70,2.40
2007.11.19 22:21:50.691,2.2471,2.2479,0.70,2.40
2007.11.19 22:21:51.131,2.2471,2.2479,0.30,2.40
2007.11.19 22:21:51.358,2.247,2.2479,0.40,2.40
2007.11.19 22:21:51.510,2.247,2.2479,0.40,2.40
2007.11.19 22:21:51.662,2.247,2.2479,0.30,2.40
2007.11.19 22:21:54.643,2.2471,2.2479,0.30,2.40
2007.11.19 22:21:54.805,2.2471,2.2479,0.70,2.40
2007.11.19 22:21:54.908,2.2471,2.2479,0.70,2.40
2007.11.19 22:21:56.164,2.2471,2.2479,0.50,2.40
2007.11.19 22:21:56.369,2.247,2.2479,0.30,2.40
2007.11.19 22:21:56.682,2.2469,2.2479,2.30,2.40
2007.11.19 22:21:56.884,2.2469,2.2477,2.30,2.40
2007.11.19 22:21:57.053,2.2469,2.2477,0.70,2.40
2007.11.19 22:21:59.826,2.2469,2.2477,0.70,2.40
2007.11.19 22:22:01.510,2.2469,2.2477,2.30,2.40
2007.11.19 22:22:03.669,2.2471,2.2477,0.30,2.40
2007.11.19 22:22:03.726,2.2471,2.2478,0.30,0.50
2007.11.19 22:22:03.785,2.2471,2.2479,0.70,2.40
2007.11.19 22:22:03.966,2.2471,2.2479,0.70,2.40
2007.11.19 22:22:06.137,2.2471,2.2479,0.50,2.40
2007.11.19 22:22:06.197,2.247,2.2477,4.00,2.40
2007.11.19 22:22:06.397,2.247,2.2477,0.10,2.40
2007.11.19 22:22:06.525,2.2469,2.2477,0.70,2.40
2007.11.19 22:22:06.715,2.2469,2.2477,0.70,2.40
2007.11.19 22:22:07.226,2.2469,2.2477,2.30,2.40
2007.11.19 22:22:10.860,2.2469,2.2477,2.30,2.40
2007.11.19 22:22:11.104,2.2469,2.2477,2.00,2.40
2007.11.19 22:22:11.268,2.2469,2.2477,1.60,2.40
2007.11.19 22:22:11.376,2.2469,2.2477,1.60,2.40
2007.11.19 22:22:11.639,2.2468,2.2477,0.30,2.40
2007.11.19 22:22:11.679,2.2468,2.2477,0.30,0.70
2007.11.19 22:22:12.210,2.2468,2.2478,1.90,2.90
2007.11.19 22:22:13.798,2.2469,2.2478,0.50,2.90
2007.11.19 22:22:13.962,2.2469,2.2478,0.70,2.90
2007.11.19 22:22:14.142,2.2469,2.2477,0.70,0.60
2007.11.19 22:22:14.305,2.2469,2.2477,0.70,0.50
2007.11.19 22:22:15.185,2.2469,2.2477,2.30,0.90
2007.11.19 22:22:19.104,2.247,2.2477,0.30,0.60
2007.11.19 22:22:19.245,2.2471,2.2479,0.50,4.80
2007.11.19 22:22:19.461,2.2471,2.2477,0.50,0.70
2007.11.19 22:22:19.699,2.2471,2.248,0.70,5.20
2007.11.19 22:22:19.872,2.2471,2.2479,0.70,0.80
2007.11.19 22:22:20.044,2.2471,2.248,0.70,5.20
2007.11.19 22:22:20.222,2.2471,2.248,0.70,2.90
2007.11.19 22:22:22.150,2.2471,2.248,0.70,2.90
2007.11.19 22:22:23.139,2.2473,2.248,0.30,2.90
2007.11.19 22:22:23.344,2.2473,2.2482,0.70,6.80
2007.11.19 22:22:23.554,2.2473,2.2482,0.70,2.90
2007.11.19 22:22:24.031,2.2473,2.2482,0.70,2.90
2007.11.19 22:22:24.197,2.2473,2.2482,0.50,2.90
2007.11.19 22:22:24.330,2.2472,2.2482,1.90,2.90
2007.11.19 22:22:24.464,2.2472,2.2482,0.30,2.90
2007.11.19 22:22:24.935,2.2472,2.2482,0.30,2.90
2007.11.19 22:22:25.152,2.2471,2.2482,0.50,2.90
2007.11.19 22:22:25.370,2.24705,2.2481,0.10,0.60
2007.11.19 22:22:25.588,2.247,2.2481,1.60,0.70
2007.11.19 22:22:26.128,2.247,2.2481,1.60,0.90
2007.11.19 22:22:26.274,2.247,2.24815,1.60,4.80
2007.11.19 22:22:26.415,2.2469,2.24815,0.60,4.80
2007.11.19 22:22:26.575,2.2469,2.248,0.60,0.60
2007.11.19 22:22:29.043,2.2469,2.248,0.60,0.70
2007.11.19 22:22:31.652,2.2469,2.248,0.60,0.50
2007.11.19 22:22:31.777,2.2469,2.2473,0.60,0.70
2007.11.19 22:22:31.901,2.2468,2.2473,1.60,0.60
2007.11.19 22:22:32.024,2.2465,2.2473,2.30,0.70
2007.11.19 22:22:32.252,2.2465,2.2477,2.30,6.10
2007.11.19 22:22:32.450,2.2466,2.2479,0.60,4.00
2007.11.19 22:22:32.648,2.2466,2.24785,2.20,0.60
2007.11.19 22:22:32.846,2.2467,2.2481,0.10,10.70
2007.11.19 22:22:33.044,2.2467,2.2481,0.10,10.70
2007.11.19 22:22:33.242,2.2467,2.2477,0.10,0.80
2007.11.19 22:22:33.455,2.2465,2.24755,2.30,4.80
2007.11.19 22:22:33.681,2.2465,2.2473,2.30,0.80
2007.11.19 22:22:33.893,2.2466,2.2473,0.60,0.60
2007.11.19 22:22:34.107,2.2465,2.2473,2.30,0.70
2007.11.19 22:22:34.791,2.2465,2.2475,2.30,4.80
2007.11.19 22:22:35.024,2.2466,2.2475,1.60,4.80
2007.11.19 22:22:35.257,2.2466,2.2475,2.20,4.80
2007.11.19 22:22:35.429,2.2466,2.2473,1.60,0.70
2007.11.19 22:22:35.726,2.2466,2.2475,1.60,0.90
2007.11.19 22:22:35.900,2.2466,2.2475,2.20,0.90
2007.11.19 22:22:36.072,2.2466,2.24785,2.20,0.50
2007.11.19 22:22:36.245,2.2466,2.2479,2.20,4.80
2007.11.19 22:22:36.975,2.2466,2.2479,1.60,4.80
2007.11.19 22:22:37.712,2.2467,2.2479,0.50,4.80
2007.11.19 22:22:37.808,2.2467,2.24785,1.00,0.90
2007.11.19 22:22:37.896,2.2467,2.24785,1.00,0.80
2007.11.19 22:22:37.984,2.2468,2.2479,1.60,0.70
2007.11.19 22:22:38.925,2.2467,2.24795,2.60,4.80
2007.11.19 22:22:39.198,2.2467,2.2479,2.60,4.80
2007.11.19 22:22:39.485,2.2467,2.248,2.60,6.80
2007.11.19 22:22:44.195,2.2467,2.2479,2.60,4.80
2007.11.19 22:22:45.976,2.2468,2.2479,1.60,4.80
2007.11.19 22:22:55.223,2.2468,2.2479,1.60,4.80
2007.11.19 22:22:57.008,2.2468,2.2478,1.60,2.40
2007.11.19 22:22:57.069,2.2467,2.2478,1.00,2.40
2007.11.19 22:22:57.194,2.2467,2.2473,1.00,2.40
2007.11.19 22:22:57.282,2.2466,2.2473,5.60,2.40
2007.11.19 22:22:57.390,2.2467,2.2473,0.60,2.40
2007.11.19 22:22:57.507,2.2467,2.2473,0.60,2.40
2007.11.19 22:22:57.843,2.2467,2.24755,0.60,2.40
2007.11.19 22:22:58.175,2.2466,2.24785,1.60,2.40
2007.11.19 22:22:58.720,2.2466,2.2473,1.60,2.40
2007.11.19 22:22:58.854,2.2466,2.2473,1.60,2.40
2007.11.19 22:22:59.064,2.2465,2.2473,2.30,2.40
2007.11.19 22:23:00.308,2.2465,2.2473,2.30,2.40
2007.11.19 22:23:00.715,2.2465,2.2473,2.30,2.40
2007.11.19 22:23:02.708,2.2467,2.2473,0.50,2.40
2007.11.19 22:23:02.886,2.2467,2.24755,0.50,2.40
2007.11.19 22:23:03.053,2.2467,2.24785,1.00,2.40
2007.11.19 22:23:03.226,2.2466,2.24785,1.60,2.40
2007.11.19 22:23:03.398,2.2467,2.24785,2.20,2.40
2007.11.19 22:23:03.571,2.2467,2.2479,2.20,4.80
2007.11.19 22:23:03.744,2.2467,2.2471,1.60,2.40
2007.11.19 22:23:03.973,2.2467,2.2471,1.60,2.40
2007.11.19 22:23:04.201,2.2463,2.24735,2.30,2.40
2007.11.19 22:23:04.429,2.2465,2.2476,0.60,1.60
2007.11.19 22:23:04.657,2.2465,2.24775,2.20,2.40
2007.11.19 22:23:04.978,2.24645,2.2477,0.10,0.60
2007.11.19 22:23:05.232,2.24645,2.2477,0.10,2.20
2007.11.19 22:23:05.434,2.24645,2.2471,0.10,2.40
2007.11.19 22:23:05.652,2.2463,2.2471,6.30,2.40
2007.11.19 22:23:05.855,2.2463,2.2469,6.30,2.40
2007.11.19 22:23:06.093,2.2463,2.2469,4.70,2.40
2007.11.19 22:23:06.332,2.2463,2.2469,4.30,2.40
2007.11.19 22:23:06.657,2.2463,2.2469,4.70,2.40
2007.11.19 22:23:07.166,2.2463,2.2469,4.70,2.80
2007.11.19 22:23:08.692,2.2463,2.2469,4.70,0.50
2007.11.19 22:23:08.776,2.2463,2.24725,4.70,2.40
2007.11.19 22:23:08.859,2.2463,2.24725,4.70,2.40
2007.11.19 22:23:08.940,2.2463,2.2474,4.70,6.80
2007.11.19 22:23:09.123,2.2463,2.2474,4.70,5.20
2007.11.19 22:23:09.306,2.2463,2.2474,6.30,5.20
2007.11.19 22:23:09.488,2.2463,2.2474,6.30,2.80
2007.11.19 22:23:10.737,2.2463,2.2472,6.30,2.40
2007.11.19 22:23:10.926,2.2463,2.2472,6.30,2.80
2007.11.19 22:23:11.034,2.2463,2.2472,6.30,2.80
2007.11.19 22:23:14.197,2.2463,2.2472,2.30,2.80
2007.11.19 22:23:15.087,2.2463,2.2473,2.30,3.30
2007.11.19 22:23:16.806,2.2463,2.2473,4.70,3.30
2007.11.19 22:23:17.553,2.2463,2.2473,4.70,3.30
2007.11.19 22:23:20.633,2.2463,2.247,4.70,0.50
2007.11.19 22:23:20.715,2.2464,2.2471,0.30,1.00
2007.11.19 22:23:20.809,2.2464,2.2471,0.30,3.30
2007.11.19 22:23:20.919,2.2464,2.247,0.30,0.50
2007.11.19 22:23:24.658,2.24635,2.247,0.30,0.50
2007.11.19 22:23:24.821,2.24635,2.2473,0.30,5.70
2007.11.19 22:23:24.987,2.24635,2.2473,0.30,3.30
2007.11.19 22:23:28.578,2.24635,2.2472,0.30,0.50
2007.11.19 22:23:29.531,2.2464,2.2472,1.60,0.50
2007.11.19 22:23:36.157,2.2467,2.2472,0.30,0.50
2007.11.19 22:23:36.274,2.2467,2.2473,0.70,0.70
2007.11.19 22:23:36.341,2.2467,2.2474,3.10,5.70
2007.11.19 22:23:36.409,2.2467,2.2474,3.10,3.30
2007.11.19 22:23:39.598,2.2467,2.2474,3.10,3.30
2007.11.19 22:23:41.962,2.2467,2.2474,2.80,3.30
2007.11.19 22:23:42.161,2.2467,2.2474,0.50,3.30
2007.11.19 22:23:42.209,2.2465,2.2471,8.70,0.50
2007.11.19 22:23:42.258,2.2465,2.2471,8.70,0.50
2007.11.19 22:23:42.306,2.2465,2.2471,3.10,0.50
2007.11.19 22:23:44.165,2.24645,2.2471,3.40,0.50
2007.11.19 22:23:50.153,2.2465,2.2471,2.80,0.50
2007.11.19 22:23:50.220,2.2464,2.247,1.90,0.50
2007.11.19 22:23:50.301,2.2464,2.247,1.90,0.50
2007.11.19 22:23:50.369,2.2464,2.247,1.90,0.50
2007.11.19 22:23:50.467,2.2464,2.247,0.30,0.50
2007.11.19 22:23:50.620,2.2464,2.247,0.30,0.50
2007.11.19 22:23:51.191,2.2463,2.247,4.70,0.50
2007.11.19 22:23:51.530,2.2463,2.2469,3.10,0.50
2007.11.19 22:23:52.225,2.2463,2.2469,4.70,0.50
2007.11.19 22:23:52.643,2.2464,2.2469,0.30,0.50
2007.11.19 22:23:52.758,2.2464,2.247,0.30,2.40
2007.11.19 22:23:52.866,2.2464,2.2471,0.30,2.40
2007.11.19 22:23:52.970,2.24635,2.2471,0.30,2.40
2007.11.19 22:23:53.271,2.24635,2.2472,0.30,0.50
2007.11.19 22:23:53.485,2.2465,2.2472,0.50,0.50
2007.11.19 22:23:53.697,2.2466,2.2472,0.30,0.50
2007.11.19 22:23:53.909,2.2466,2.2472,0.30,0.50
2007.11.19 22:23:56.593,2.2466,2.2472,0.30,0.50
2007.11.19 22:23:56.711,2.2465,2.2472,4.70,0.50
2007.11.19 22:23:56.829,2.2465,2.2471,4.70,0.50
2007.11.19 22:23:56.947,2.2465,2.2471,3.10,0.50
2007.11.19 22:23:57.064,2.2465,2.2471,3.10,0.50
2007.11.19 22:24:01.654,2.2465,2.2471,3.10,0.50
2007.11.19 22:24:02.727,2.2465,2.247,2.70,0.50
2007.11.19 22:24:03.766,2.2465,2.247,2.70,0.50
2007.11.19 22:24:04.150,2.2465,2.247,4.30,0.50
2007.11.19 22:24:04.277,2.2465,2.247,4.30,0.50
2007.11.19 22:24:04.565,2.2465,2.247,4.00,0.50
2007.11.19 22:24:04.735,2.2465,2.247,1.60,0.50
2007.11.19 22:24:04.901,2.2464,2.247,1.90,0.50
2007.11.19 22:24:12.969,2.2464,2.247,1.90,0.50
2007.11.19 22:24:16.177,2.2464,2.247,1.60,0.50
2007.11.19 22:24:16.296,2.2464,2.2469,1.60,2.40
2007.11.19 22:24:16.414,2.2464,2.2467,1.60,0.50
2007.11.19 22:24:16.532,2.2464,2.2467,1.60,0.50
2007.11.19 22:24:16.650,2.2463,2.2467,1.60,0.50
2007.11.19 22:24:16.854,2.2463,2.2467,1.60,0.50
2007.11.19 22:24:17.056,2.2461,2.2467,4.70,0.50
2007.11.19 22:24:17.258,2.2461,2.2467,4.70,0.50
2007.11.19 22:24:21.695,2.2461,2.2465,4.30,0.50
2007.11.19 22:24:21.998,2.2461,2.2465,4.00,0.50
2007.11.19 22:24:22.171,2.2461,2.2465,4.00,0.50
2007.11.19 22:24:22.344,2.246,2.2465,0.10,0.50
2007.11.19 22:24:22.522,2.2459,2.2465,4.70,0.50
2007.11.19 22:24:23.995,2.2459,2.2465,4.70,0.50
2007.11.19 22:24:25.633,2.2459,2.2466,4.70,2.80
2007.11.19 22:24:25.866,2.246,2.2466,0.30,0.50
2007.11.19 22:24:26.099,2.246,2.2466,0.30,0.50
2007.11.19 22:24:26.252,2.246,2.2466,1.90,0.50
2007.11.19 22:24:32.600,2.246,2.2466,1.60,0.50
2007.11.19 22:24:32.704,2.246,2.2467,1.60,2.40
2007.11.19 22:24:32.812,2.24605,2.2469,0.10,4.00
2007.11.19 22:24:32.980,2.2461,2.24715,1.60,0.50
2007.11.19 22:24:33.083,2.2462,2.2472,0.10,0.60
2007.11.19 22:24:33.194,2.2462,2.2471,0.10,0.60
2007.11.19 22:24:33.462,2.2462,2.2466,0.10,2.40
2007.11.19 22:24:33.730,2.24595,2.2466,0.30,2.40
2007.11.19 22:24:34.247,2.2461,2.2466,1.60,2.40
2007.11.19 22:24:34.514,2.2461,2.2469,1.60,2.40
2007.11.19 22:24:34.667,2.2462,2.2472,0.10,1.60
2007.11.19 22:24:34.821,2.2462,2.2472,0.10,1.60
2007.11.19 22:24:34.987,2.2462,2.2474,0.10,2.80
2007.11.19 22:24:35.265,2.2462,2.2473,0.10,1.60
2007.11.19 22:24:35.774,2.2462,2.2473,0.10,5.90
2007.11.19 22:24:36.098,2.2461,2.2468,4.40,2.40
2007.11.19 22:24:37.219,2.2461,2.2469,4.40,4.00
2007.11.19 22:24:37.367,2.2461,2.2472,8.10,1.60
2007.11.19 22:24:37.591,2.2461,2.2471,8.10,2.40
2007.11.19 22:24:37.754,2.2461,2.2469,8.10,2.40
2007.11.19 22:24:37.837,2.2461,2.2469,2.90,2.40
2007.11.19 22:24:37.917,2.2461,2.2469,2.00,2.40
2007.11.19 22:24:38.084,2.2461,2.2469,0.60,2.40
2007.11.19 22:24:38.386,2.246,2.2469,4.90,2.40
2007.11.19 22:24:38.598,2.246,2.2469,4.90,2.40
2007.11.19 22:24:39.226,2.2461,2.2469,4.40,2.40
2007.11.19 22:24:39.439,2.2461,2.2469,4.40,2.40
2007.11.19 22:24:39.642,2.2461,2.2468,4.40,0.50
2007.11.19 22:24:46.024,2.2461,2.2468,4.40,0.50
2007.11.19 22:24:47.226,2.2461,2.2468,2.00,0.50
2007.11.19 22:24:47.440,2.246,2.2468,1.60,0.50
2007.11.19 22:24:48.214,2.24595,2.2468,0.30,0.50
2007.11.19 22:24:49.276,2.246,2.2468,0.80,0.50
2007.11.19 22:24:49.682,2.246,2.2466,0.80,0.80
2007.11.19 22:24:49.895,2.246,2.2465,0.80,0.50
2007.11.19 22:24:50.008,2.246,2.2465,0.80,0.50
2007.11.19 22:24:51.751,2.246,2.2466,0.80,0.80
2007.11.19 22:24:51.834,2.246,2.2466,0.80,0.80
2007.11.19 22:24:51.918,2.246,2.2468,2.40,0.50
2007.11.19 22:24:53.110,2.2462,2.2468,0.30,0.50
2007.11.19 22:24:53.398,2.2462,2.2468,1.10,0.50
2007.11.19 22:24:53.684,2.2462,2.2468,1.10,0.50
2007.11.19 22:24:53.972,2.2462,2.2468,0.80,0.50
2007.11.19 22:24:54.085,2.2462,2.2468,0.80,0.50
2007.11.19 22:24:54.221,2.2462,2.2467,0.80,0.50
2007.11.19 22:24:54.335,2.2462,2.2467,0.80,0.50
2007.11.19 22:24:54.449,2.2462,2.2467,0.80,0.50
2007.11.19 22:24:56.663,2.2462,2.2467,0.80,0.50
2007.11.19 22:24:56.739,2.2461,2.2466,1.60,0.50
2007.11.19 22:24:56.904,2.2461,2.2466,1.60,0.50
2007.11.19 22:24:57.037,2.246,2.2466,1.10,0.50
2007.11.19 22:24:57.225,2.246,2.2466,2.70,0.50
2007.11.19 22:24:58.428,2.246,2.2466,2.70,0.50
2007.11.19 22:24:59.644,2.2461,2.2466,0.30,0.50
2007.11.19 22:24:59.797,2.2462,2.2467,0.80,0.50
2007.11.19 22:24:59.949,2.2462,2.2467,0.80,0.50
2007.11.19 22:25:01.193,2.2462,2.2467,0.80,0.50
2007.11.19 22:25:01.286,2.2462,2.2468,1.10,0.50
2007.11.19 22:25:01.479,2.2462,2.2468,1.10,0.50
2007.11.19 22:25:02.673,2.2462,2.2468,0.80,0.50
2007.11.19 22:25:02.868,2.2461,2.2468,1.60,0.50
2007.11.19 22:25:03.061,2.246,2.2468,2.40,0.50
2007.11.19 22:25:04.032,2.246,2.2468,2.70,0.50
2007.11.19 22:25:04.207,2.246,2.2466,2.70,0.50
2007.11.19 22:25:04.368,2.246,2.2466,2.70,0.50
2007.11.19 22:25:04.531,2.246,2.2466,2.70,0.50
2007.11.19 22:25:04.823,2.246,2.2466,1.10,0.50
2007.11.19 22:25:05.313,2.2461,2.2467,0.50,1.20
2007.11.19 22:25:05.673,2.2461,2.2467,0.70,1.20
2007.11.19 22:25:05.841,2.2462,2.2467,0.80,0.50
2007.11.19 22:25:06.009,2.2462,2.2467,0.80,0.50
2007.11.19 22:25:07.958,2.2462,2.2467,0.80,0.50
2007.11.19 22:25:08.051,2.2463,2.2467,0.30,0.50
2007.11.19 22:25:08.160,2.2464,2.2467,0.80,0.50
2007.11.19 22:25:08.360,2.2464,2.2467,0.80,0.50
2007.11.19 22:25:08.679,2.2464,2.2469,0.80,0.50
2007.11.19 22:25:09.166,2.2464,2.2469,0.80,0.50
2007.11.19 22:25:10.710,2.2464,2.2468,0.80,0.50
2007.11.19 22:25:10.955,2.2464,2.2468,0.80,0.50
2007.11.19 22:25:11.070,2.2464,2.2468,0.80,0.50
2007.11.19 22:25:11.159,2.24655,2.2468,0.30,0.50
2007.11.19 22:25:11.246,2.2466,2.2468,0.80,0.50
2007.11.19 22:25:11.340,2.2466,2.247,0.80,2.40
2007.11.19 22:25:11.392,2.2466,2.247,0.80,2.40
2007.11.19 22:25:11.445,2.2466,2.247,0.80,2.40
2007.11.19 22:25:11.779,2.2464,2.2474,2.40,2.00
2007.11.19 22:25:12.111,2.24635,2.2474,0.10,2.00
2007.11.19 22:25:12.444,2.247,2.24735,0.80,2.40
2007.11.19 22:25:12.567,2.247,2.2474,0.80,0.50
2007.11.19 22:25:12.992,2.247,2.2474,0.80,0.50
2007.11.19 22:25:14.112,2.247,2.2474,0.80,0.50
2007.11.19 22:25:14.266,2.2472,2.2475,0.80,2.40
2007.11.19 22:25:14.517,2.2472,2.2476,0.80,0.50
2007.11.19 22:25:14.657,2.2472,2.2474,0.80,0.50
2007.11.19 22:25:14.791,2.2469,2.2474,1.60,0.50
2007.11.19 22:25:14.977,2.24675,2.2474,0.10,0.50
2007.11.19 22:25:15.127,2.2466,2.2474,1.60,0.50
2007.11.19 22:25:15.427,2.2466,2.2474,1.60,2.80
2007.11.19 22:25:15.711,2.2466,2.2474,1.60,2.40
2007.11.19 22:25:15.939,2.2465,2.2474,1.60,2.40
2007.11.19 22:25:16.172,2.2465,2.2475,1.60,1.40
2007.11.19 22:25:16.398,2.2465,2.2475,1.60,0.60
2007.11.19 22:25:16.626,2.2465,2.2474,1.60,2.40
2007.11.19 22:25:17.081,2.2465,2.2474,1.60,2.40
2007.11.19 22:25:17.278,2.2465,2.2474,1.60,2.80
2007.11.19 22:25:17.476,2.2465,2.2474,1.60,2.80
2007.11.19 22:25:19.104,2.2465,2.2474,1.60,2.80
2007.11.19 22:25:19.696,2.2465,2.2474,1.60,0.50
2007.11.19 22:25:19.974,2.2466,2.2474,1.60,0.50
2007.11.19 22:25:20.253,2.2465,2.2474,1.60,0.50
2007.11.19 22:25:20.665,2.2465,2.2474,1.60,0.50
2007.11.19 22:25:20.915,2.2465,2.2474,1.60,0.50
2007.11.19 22:25:21.231,2.2465,2.2474,1.60,2.80
2007.11.19 22:25:23.260,2.2465,2.2474,1.60,2.80
2007.11.19 22:25:23.308,2.2465,2.2474,1.60,0.50
2007.11.19 22:25:23.365,2.2466,2.2474,1.60,0.50
2007.11.19 22:25:24.177,2.2466,2.2474,1.60,1.20
2007.11.19 22:25:25.102,2.2466,2.2474,1.60,1.20
2007.11.19 22:25:28.757,2.2465,2.2474,1.60,1.20
2007.11.19 22:25:30.134,2.2465,2.2474,1.60,1.20
2007.11.19 22:25:30.890,2.2465,2.2474,1.60,3.60
2007.11.19 22:25:31.392,2.2465,2.2474,1.60,1.20
2007.11.19 22:25:32.266,2.2464,2.2474,1.60,1.20
2007.11.19 22:25:32.685,2.2464,2.2474,1.00,1.20
2007.11.19 22:25:35.771,2.2463,2.2472,3.60,0.80
2007.11.19 22:25:35.894,2.2464,2.2472,1.20,1.20
2007.11.19 22:25:36.017,2.2463,2.2472,3.60,1.20
2007.11.19 22:25:41.163,2.2464,2.2472,0.70,1.20
2007.11.19 22:25:48.913,2.2463,2.2472,4.40,1.20
2007.11.19 22:25:52.190,2.2463,2.2472,4.40,1.20
2007.11.19 22:25:53.692,2.2463,2.2472,4.40,1.20
2007.11.19 22:25:53.926,2.2465,2.2472,1.10,1.20
2007.11.19 22:25:54.159,2.2465,2.2472,2.50,1.20
2007.11.19 22:26:03.205,2.2465,2.2472,4.40,1.20
2007.11.19 22:26:05.761,2.2465,2.2471,4.40,0.50
2007.11.19 22:26:05.902,2.2465,2.2471,4.40,0.50
2007.11.19 22:26:08.113,2.2466,2.2471,0.30,0.50
2007.11.19 22:26:08.247,2.2466,2.2471,0.30,0.50
2007.11.19 22:26:08.301,2.2466,2.2472,0.30,1.20
2007.11.19 22:26:12.666,2.2466,2.2472,0.30,1.20
2007.11.19 22:26:12.779,2.2466,2.2472,0.30,0.50
2007.11.19 22:26:12.892,2.2466,2.2475,0.30,0.80
2007.11.19 22:26:13.005,2.2466,2.2475,1.90,0.80
2007.11.19 22:26:13.128,2.2466,2.2475,1.90,0.80
2007.11.19 22:26:14.224,2.2466,2.2475,1.90,0.80
2007.11.19 22:26:14.649,2.2466,2.2475,1.60,0.80
2007.11.19 22:26:14.812,2.2466,2.2475,1.60,0.80
2007.11.19 22:26:14.974,2.2466,2.2475,1.60,3.20
2007.11.19 22:26:15.136,2.2464,2.2475,1.60,3.20
2007.11.19 22:26:15.609,2.2465,2.2475,1.60,3.20
2007.11.19 22:26:25.259,2.2465,2.2475,1.60,3.20
2007.11.19 22:26:29.820,2.2465,2.2475,1.60,3.20
2007.11.19 22:26:30.350,2.2464,2.2475,1.60,3.20
2007.11.19 22:26:35.417,2.2464,2.2475,1.60,4.80
2007.11.19 22:26:36.150,2.2464,2.2475,1.60,3.20
2007.11.19 22:26:37.276,2.2465,2.2475,2.40,3.20
2007.11.19 22:26:37.454,2.2465,2.2475,2.40,4.80
2007.11.19 22:26:37.637,2.2465,2.2475,2.40,4.80
2007.11.19 22:26:37.909,2.2465,2.2475,2.40,4.80
2007.11.19 22:26:38.122,2.2465,2.2473,2.40,2.40
2007.11.19 22:26:38.488,2.2465,2.2475,2.40,4.80
2007.11.19 22:26:42.276,2.2464,2.2475,4.00,4.80
2007.11.19 22:26:42.604,2.2463,2.2475,4.70,4.80
2007.11.19 22:26:44.113,2.24625,2.2475,5.00,4.80
2007.11.19 22:26:44.964,2.2462,2.2475,5.50,4.80
2007.11.19 22:26:45.165,2.2465,2.2475,0.50,4.80
2007.11.19 22:26:45.283,2.2465,2.2475,4.40,4.80
2007.11.19 22:26:45.400,2.2465,2.2475,4.40,2.40
2007.11.19 22:26:47.305,2.2465,2.2475,4.40,2.40
2007.11.19 22:26:53.468,2.2465,2.2475,4.40,0.80
2007.11.19 22:26:54.199,2.2467,2.2475,0.50,0.80
2007.11.19 22:26:54.367,2.2467,2.2475,2.80,0.80
2007.11.19 22:26:54.534,2.2467,2.2475,2.80,0.80
2007.11.19 22:26:55.135,2.2469,2.2475,0.50,0.80
2007.11.19 22:26:55.309,2.247,2.2475,0.30,0.80
2007.11.19 22:26:55.436,2.247,2.2477,0.30,2.40
2007.11.19 22:26:55.570,2.247,2.2479,0.30,2.40
2007.11.19 22:26:56.117,2.2469,2.2479,2.80,2.40
2007.11.19 22:26:56.251,2.2469,2.2479,2.40,3.00
2007.11.19 22:26:56.433,2.2469,2.2479,0.10,3.00
