2008.01.22 15:00:00.206,2.07835,2.0788,0.60,0.60
2008.01.22 15:00:00.514,2.0783,2.0788,1.80,2.80
2008.01.22 15:00:00.822,2.07825,2.0787,0.60,0.60
2008.01.22 15:00:01.080,2.0782,2.0786,1.20,2.80
2008.01.22 15:00:01.338,2.07815,2.0786,1.20,2.80
2008.01.22 15:00:01.597,2.07815,2.0786,1.20,2.80
2008.01.22 15:00:01.855,2.07815,2.0786,1.20,2.80
2008.01.22 15:00:02.183,2.07815,2.0786,1.20,2.80
2008.01.22 15:00:02.511,2.0782,2.0786,0.60,2.80
2008.01.22 15:00:02.840,2.0781,2.0785,1.20,2.40
2008.01.22 15:00:03.059,2.07815,2.0785,0.60,2.40
2008.01.22 15:00:03.276,2.07815,2.0785,0.05,2.80
2008.01.22 15:00:03.828,2.07815,2.07845,0.05,0.60
2008.01.22 15:00:04.146,2.078,2.07845,0.65,0.60
2008.01.22 15:00:04.464,2.07815,2.0783,0.05,0.60
2008.01.22 15:00:04.783,2.07815,2.0783,0.05,0.60
2008.01.22 15:00:05.101,2.07815,2.0783,0.05,0.60
2008.01.22 15:00:05.375,2.07815,2.0783,0.05,0.60
2008.01.22 15:00:05.648,2.07815,2.0783,0.05,0.60
2008.01.22 15:00:05.921,2.07815,2.0783,0.05,0.60
2008.01.22 15:00:06.244,2.07815,2.0783,0.05,0.60
2008.01.22 15:00:06.568,2.07815,2.0782,0.05,0.60
2008.01.22 15:00:06.891,2.07815,2.0782,0.05,0.60
2008.01.22 15:00:07.140,2.0779,2.0784,4.85,0.60
2008.01.22 15:00:07.387,2.0779,2.0784,0.85,1.20
2008.01.22 15:00:07.635,2.07815,2.0783,0.05,0.60
2008.01.22 15:00:07.883,2.07815,2.0783,0.05,0.60
2008.01.22 15:00:08.171,2.07815,2.0783,0.05,0.60
2008.01.22 15:00:08.459,2.07815,2.0783,0.05,0.60
2008.01.22 15:00:08.859,2.07815,2.0783,0.05,1.20
2008.01.22 15:00:09.155,2.07815,2.0783,0.05,1.20
2008.01.22 15:00:09.429,2.07815,2.0783,0.05,0.60
2008.01.22 15:00:09.702,2.07815,2.0783,0.05,0.60
2008.01.22 15:00:09.982,2.07815,2.0783,0.05,0.60
2008.01.22 15:00:10.380,2.07775,2.07825,6.00,0.70
2008.01.22 15:00:10.663,2.07775,2.07825,6.00,0.70
2008.01.22 15:00:10.946,2.078,2.0783,0.80,0.60
2008.01.22 15:00:11.255,2.078,2.0785,2.00,1.70
2008.01.22 15:00:11.564,2.0779,2.0785,3.80,1.70
2008.01.22 15:00:11.874,2.078,2.0785,4.20,1.20
2008.01.22 15:00:12.183,2.078,2.07845,4.80,0.60
2008.01.22 15:00:12.421,2.078,2.07845,3.20,0.60
2008.01.22 15:00:12.676,2.078,2.0784,1.50,0.60
2008.01.22 15:00:12.914,2.07775,2.0783,3.40,1.20
2008.01.22 15:00:13.209,2.0779,2.07835,0.60,0.80
2008.01.22 15:00:13.501,2.0779,2.07835,0.60,0.80
2008.01.22 15:00:13.795,2.0778,2.0782,1.10,0.60
2008.01.22 15:00:14.088,2.07765,2.0782,4.20,0.60
2008.01.22 15:00:14.366,2.0777,2.0782,1.90,1.20
2008.01.22 15:00:14.644,2.0777,2.0782,1.80,0.80
2008.01.22 15:00:14.921,2.07765,2.07825,6.40,0.80
2008.01.22 15:00:15.200,2.0778,2.07825,0.60,0.80
2008.01.22 15:00:15.484,2.07775,2.07825,1.20,0.80
2008.01.22 15:00:15.783,2.0777,2.07835,5.80,0.60
2008.01.22 15:00:16.068,2.0779,2.07835,0.80,0.60
2008.01.22 15:00:16.351,2.0777,2.0783,4.20,1.20
2008.01.22 15:00:16.635,2.0778,2.0783,0.60,1.20
2008.01.22 15:00:16.917,2.07775,2.07835,1.20,0.80
2008.01.22 15:00:17.202,2.07765,2.0781,7.20,0.60
2008.01.22 15:00:17.446,2.0777,2.078,1.40,0.60
2008.01.22 15:00:17.688,2.07745,2.078,7.60,0.60
2008.01.22 15:00:17.932,2.0778,2.07815,1.20,0.80
2008.01.22 15:00:18.175,2.07775,2.0783,4.20,0.60
2008.01.22 15:00:18.499,2.07775,2.0783,4.20,0.60
2008.01.22 15:00:18.823,2.0778,2.0783,2.20,0.60
2008.01.22 15:00:19.145,2.0777,2.0783,5.20,0.90
2008.01.22 15:00:19.389,2.0778,2.0782,0.80,1.20
2008.01.22 15:00:19.632,2.0776,2.0781,6.00,0.60
2008.01.22 15:00:19.892,2.078,2.0781,2.80,0.60
2008.01.22 15:00:20.135,2.078,2.0785,6.00,0.60
2008.01.22 15:00:20.630,2.078,2.0785,6.00,0.60
2008.01.22 15:00:20.959,2.078,2.0785,3.60,0.60
2008.01.22 15:00:21.288,2.078,2.0786,6.00,1.70
2008.01.22 15:00:21.668,2.078,2.0786,5.60,1.70
2008.01.22 15:00:21.931,2.078,2.0785,3.20,0.60
2008.01.22 15:00:22.196,2.07805,2.0785,0.60,0.60
2008.01.22 15:00:22.459,2.0781,2.0787,3.20,1.70
2008.01.22 15:00:22.737,2.0781,2.0787,3.60,1.20
2008.01.22 15:00:23.014,2.0781,2.0786,3.60,0.60
2008.01.22 15:00:23.294,2.0781,2.0786,3.60,0.60
2008.01.22 15:00:23.576,2.0781,2.0787,3.60,1.20
2008.01.22 15:00:23.859,2.0781,2.0787,3.20,0.60
2008.01.22 15:00:24.142,2.0781,2.0789,5.60,1.20
2008.01.22 15:00:24.426,2.0783,2.0789,2.40,1.20
2008.01.22 15:00:24.724,2.0783,2.0789,3.20,1.20
2008.01.22 15:00:25.022,2.07825,2.0787,1.60,0.60
2008.01.22 15:00:25.337,2.0782,2.0787,0.80,0.60
2008.01.22 15:00:25.620,2.0782,2.0787,0.80,0.60
2008.01.22 15:00:25.890,2.0782,2.07875,2.40,0.60
2008.01.22 15:00:26.159,2.0782,2.0787,3.20,0.60
2008.01.22 15:00:26.428,2.0782,2.0786,0.80,0.60
2008.01.22 15:00:26.751,2.07805,2.0787,2.40,2.80
2008.01.22 15:00:27.075,2.07805,2.0789,2.40,1.20
2008.01.22 15:00:27.400,2.07805,2.0788,2.40,0.80
2008.01.22 15:00:27.632,2.07805,2.0788,2.40,1.20
2008.01.22 15:00:27.865,2.07815,2.0788,2.40,1.20
2008.01.22 15:00:28.105,2.07815,2.0788,2.40,1.20
2008.01.22 15:00:28.339,2.07805,2.0786,2.40,0.80
2008.01.22 15:00:28.647,2.07805,2.0786,2.40,1.70
2008.01.22 15:00:28.955,2.07805,2.0786,2.40,1.70
2008.01.22 15:00:29.263,2.07805,2.0786,2.80,1.20
2008.01.22 15:00:29.571,2.07805,2.0786,2.80,1.20
2008.01.22 15:00:29.850,2.078,2.0786,0.80,1.70
2008.01.22 15:00:30.130,2.07805,2.0786,0.60,1.20
2008.01.22 15:00:30.409,2.07805,2.0786,0.60,1.20
2008.01.22 15:00:30.682,2.07815,2.0786,0.60,1.20
2008.01.22 15:00:30.956,2.07815,2.0786,0.60,0.80
2008.01.22 15:00:31.231,2.0782,2.0788,0.60,1.20
2008.01.22 15:00:31.504,2.0783,2.0788,2.40,0.60
2008.01.22 15:00:31.838,2.0783,2.079,0.80,1.20
2008.01.22 15:00:32.172,2.0781,2.0787,5.60,1.60
2008.01.22 15:00:32.505,2.0782,2.0785,2.40,1.20
2008.01.22 15:00:32.734,2.0782,2.0785,2.40,1.20
2008.01.22 15:00:32.962,2.0778,2.0785,5.20,1.20
2008.01.22 15:00:33.192,2.0781,2.0785,1.60,1.20
2008.01.22 15:00:33.420,2.0781,2.07875,5.20,1.60
2008.01.22 15:00:33.649,2.0781,2.0789,5.20,1.20
2008.01.22 15:00:33.683,2.0781,2.0789,2.10,1.20
2008.01.22 15:00:33.996,2.07805,2.079,8.00,1.20
2008.01.22 15:00:34.330,2.078,2.079,3.20,1.20
2008.01.22 15:00:34.664,2.0779,2.0789,7.20,1.60
2008.01.22 15:00:34.938,2.0779,2.0788,7.20,0.60
2008.01.22 15:00:35.211,2.078,2.0787,1.80,1.60
2008.01.22 15:00:35.485,2.0777,2.0784,7.20,1.20
2008.01.22 15:00:35.759,2.0777,2.0783,3.20,0.80
2008.01.22 15:00:36.028,2.0775,2.0783,6.00,1.20
2008.01.22 15:00:36.297,2.0776,2.0783,4.80,1.20
2008.01.22 15:00:36.565,2.0776,2.0783,5.60,1.20
2008.01.22 15:00:36.834,2.0776,2.0783,5.60,1.20
2008.01.22 15:00:37.272,2.07755,2.0783,4.00,1.20
2008.01.22 15:00:37.615,2.07755,2.0783,4.00,1.60
2008.01.22 15:00:37.946,2.07765,2.0783,0.60,2.10
2008.01.22 15:00:38.195,2.07765,2.07825,2.80,0.60
2008.01.22 15:00:38.446,2.07765,2.07825,5.20,0.60
2008.01.22 15:00:38.693,2.0777,2.07825,1.50,0.60
2008.01.22 15:00:39.101,2.0777,2.07825,5.00,0.60
2008.01.22 15:00:39.371,2.0777,2.07825,6.60,0.60
2008.01.22 15:00:39.639,2.07775,2.07835,2.80,0.60
2008.01.22 15:00:39.920,2.07775,2.07835,2.80,0.60
2008.01.22 15:00:40.184,2.0778,2.07835,1.80,0.60
2008.01.22 15:00:40.446,2.0779,2.07845,1.00,0.60
2008.01.22 15:00:40.710,2.07785,2.07845,6.00,0.60
2008.01.22 15:00:41.609,2.07785,2.07845,6.00,0.60
2008.01.22 15:00:41.946,2.07785,2.0785,3.80,2.40
2008.01.22 15:00:42.977,2.078,2.0785,0.80,2.40
2008.01.22 15:00:43.195,2.07785,2.0785,3.80,2.00
2008.01.22 15:00:43.755,2.0779,2.0785,3.20,2.00
2008.01.22 15:00:44.054,2.0779,2.0785,0.90,2.40
2008.01.22 15:00:44.351,2.07785,2.0785,3.80,0.80
2008.01.22 15:00:45.745,2.07785,2.0785,3.80,0.80
2008.01.22 15:00:45.973,2.0778,2.07845,4.80,0.60
2008.01.22 15:00:46.202,2.07775,2.0784,5.60,1.60
2008.01.22 15:00:46.439,2.0775,2.0782,6.80,0.80
2008.01.22 15:00:46.666,2.0775,2.0782,1.90,1.20
2008.01.22 15:00:46.894,2.0775,2.0782,2.20,1.20
2008.01.22 15:00:47.212,2.07745,2.0782,10.40,1.60
2008.01.22 15:00:47.531,2.07745,2.0782,10.40,1.60
2008.01.22 15:00:47.849,2.07755,2.0782,1.80,2.10
2008.01.22 15:00:48.023,2.07755,2.0782,4.20,2.10
2008.01.22 15:00:48.562,2.07765,2.0782,0.60,1.60
2008.01.22 15:00:48.736,2.0778,2.0782,1.30,0.80
2008.01.22 15:00:48.924,2.07765,2.07825,3.80,0.50
2008.01.22 15:00:49.218,2.0776,2.0782,3.60,1.20
2008.01.22 15:00:49.512,2.07755,2.0782,4.20,1.70
2008.01.22 15:00:49.805,2.07755,2.0782,4.20,2.10
2008.01.22 15:00:50.098,2.0776,2.0781,1.10,0.60
2008.01.22 15:00:50.326,2.0777,2.0781,0.70,0.50
2008.01.22 15:00:50.554,2.0776,2.07805,3.20,0.50
2008.01.22 15:00:50.782,2.07755,2.07805,3.80,0.50
2008.01.22 15:00:51.158,2.07755,2.0781,3.80,0.50
2008.01.22 15:00:51.558,2.07755,2.0781,3.80,0.50
2008.01.22 15:00:51.841,2.07755,2.0781,3.80,0.50
2008.01.22 15:00:52.105,2.07755,2.0781,3.80,0.50
2008.01.22 15:00:52.367,2.07765,2.0782,4.00,0.60
2008.01.22 15:00:52.630,2.07765,2.07825,4.00,2.40
2008.01.22 15:00:52.894,2.07765,2.0783,4.00,1.20
2008.01.22 15:00:53.132,2.07765,2.0783,4.00,1.20
2008.01.22 15:00:53.370,2.07765,2.0783,4.00,1.20
2008.01.22 15:00:53.863,2.0777,2.0783,1.50,1.20
2008.01.22 15:00:54.121,2.0777,2.0783,1.30,1.20
2008.01.22 15:00:54.379,2.0777,2.0783,3.60,0.60
2008.01.22 15:00:54.637,2.0779,2.0784,0.60,0.60
2008.01.22 15:00:54.896,2.07775,2.07845,3.80,2.40
2008.01.22 15:00:55.194,2.078,2.0783,1.00,0.60
2008.01.22 15:00:55.492,2.0777,2.0782,1.50,0.60
2008.01.22 15:00:55.791,2.0777,2.0782,1.60,0.60
2008.01.22 15:00:56.090,2.0777,2.0782,1.00,0.60
2008.01.22 15:00:56.314,2.07765,2.0782,6.40,0.60
2008.01.22 15:00:56.537,2.0777,2.07825,0.60,2.40
2008.01.22 15:00:56.928,2.0777,2.07825,1.80,2.40
2008.01.22 15:00:59.132,2.0777,2.0782,1.20,0.60
2008.01.22 15:00:59.262,2.07765,2.0782,4.00,0.60
2008.01.22 15:00:59.390,2.07765,2.0782,4.00,0.90
2008.01.22 15:00:59.791,2.07765,2.0782,4.00,0.90
2008.01.22 15:00:59.919,2.07765,2.0782,4.00,0.90
2008.01.22 15:01:00.521,2.07765,2.0782,4.00,0.90
2008.01.22 15:01:00.882,2.0777,2.0782,1.50,0.90
2008.01.22 15:01:01.202,2.0777,2.0782,1.70,0.60
2008.01.22 15:01:01.471,2.0777,2.0782,1.00,0.60
2008.01.22 15:01:01.724,2.07765,2.0782,4.00,0.60
2008.01.22 15:01:02.259,2.0777,2.07825,3.20,2.40
2008.01.22 15:01:02.635,2.0778,2.07825,1.60,2.40
2008.01.22 15:01:02.868,2.0781,2.07845,3.20,1.60
2008.01.22 15:01:03.087,2.07815,2.0785,0.80,0.60
2008.01.22 15:01:03.307,2.07815,2.0786,0.80,0.90
2008.01.22 15:01:03.526,2.07815,2.0786,0.80,1.70
2008.01.22 15:01:03.746,2.07815,2.0785,0.80,0.60
2008.01.22 15:01:03.964,2.07815,2.07845,0.80,2.40
2008.01.22 15:01:04.184,2.0782,2.07855,0.60,2.40
2008.01.22 15:01:04.517,2.07845,2.07875,0.80,1.60
2008.01.22 15:01:04.866,2.07845,2.07885,0.80,2.40
2008.01.22 15:01:05.199,2.0783,2.07885,3.20,2.40
2008.01.22 15:01:05.452,2.0783,2.07885,3.20,2.40
2008.01.22 15:01:05.706,2.0783,2.07865,3.20,0.60
2008.01.22 15:01:05.960,2.0781,2.0786,3.20,0.60
2008.01.22 15:01:06.214,2.0781,2.0786,3.20,0.60
2008.01.22 15:01:06.542,2.0782,2.0786,2.40,0.60
2008.01.22 15:01:06.855,2.0782,2.0787,3.20,0.90
2008.01.22 15:01:07.170,2.0782,2.0787,3.20,0.60
2008.01.22 15:01:07.414,2.0782,2.0787,3.20,0.60
2008.01.22 15:01:07.658,2.0782,2.0787,3.20,0.60
2008.01.22 15:01:07.902,2.0782,2.0787,3.20,0.60
2008.01.22 15:01:08.152,2.07825,2.0787,0.80,0.60
2008.01.22 15:01:08.439,2.07825,2.0785,0.80,0.90
2008.01.22 15:01:08.728,2.07805,2.0785,0.80,0.90
2008.01.22 15:01:09.016,2.07825,2.0785,0.80,0.60
2008.01.22 15:01:09.305,2.07825,2.0785,0.80,0.60
2008.01.22 15:01:09.574,2.07825,2.0787,0.80,1.70
2008.01.22 15:01:09.853,2.07825,2.0787,0.80,1.20
2008.01.22 15:01:10.122,2.07825,2.0787,0.80,1.20
2008.01.22 15:01:10.391,2.07825,2.0787,0.80,0.60
2008.01.22 15:01:10.674,2.07825,2.0788,0.80,1.20
2008.01.22 15:01:10.952,2.07825,2.0788,0.80,1.20
2008.01.22 15:01:11.303,2.07825,2.0788,0.80,1.20
2008.01.22 15:01:11.524,2.07825,2.0788,0.80,1.20
2008.01.22 15:01:11.748,2.07825,2.07865,0.80,0.60
2008.01.22 15:01:11.971,2.07825,2.07865,0.80,0.60
2008.01.22 15:01:12.194,2.07825,2.07865,0.80,0.60
2008.01.22 15:01:12.418,2.07825,2.07865,0.80,0.60
2008.01.22 15:01:12.679,2.07825,2.07865,0.80,0.60
2008.01.22 15:01:13.181,2.07825,2.07865,0.80,0.60
2008.01.22 15:01:13.435,2.07825,2.0787,0.80,0.60
2008.01.22 15:01:13.653,2.07825,2.0788,0.80,1.20
2008.01.22 15:01:13.972,2.07825,2.0788,0.80,1.20
2008.01.22 15:01:14.191,2.07825,2.0788,0.80,1.20
2008.01.22 15:01:14.409,2.07825,2.0788,0.80,1.20
2008.01.22 15:01:14.915,2.07825,2.0788,0.80,1.20
2008.01.22 15:01:15.224,2.07825,2.0788,0.80,1.20
2008.01.22 15:01:15.534,2.07825,2.07865,0.80,0.60
2008.01.22 15:01:15.718,2.07825,2.07865,0.80,0.60
2008.01.22 15:01:15.903,2.07825,2.0787,0.80,0.60
2008.01.22 15:01:16.085,2.07825,2.079,0.80,1.20
2008.01.22 15:01:16.721,2.07825,2.079,0.80,0.60
2008.01.22 15:01:17.029,2.07825,2.079,0.80,2.80
2008.01.22 15:01:17.338,2.07825,2.079,0.80,2.80
2008.01.22 15:01:17.548,2.07825,2.079,0.80,0.80
2008.01.22 15:01:17.756,2.07825,2.079,0.80,0.80
2008.01.22 15:01:17.981,2.0784,2.0791,3.20,4.10
2008.01.22 15:01:18.174,2.0784,2.07895,3.20,0.80
2008.01.22 15:01:18.382,2.0784,2.07895,3.20,0.80
2008.01.22 15:01:18.675,2.0784,2.0789,3.20,0.80
2008.01.22 15:01:18.967,2.0784,2.0789,3.20,0.80
2008.01.22 15:01:21.086,2.0784,2.07895,3.20,0.80
2008.01.22 15:01:21.164,2.0784,2.07895,3.20,0.80
2008.01.22 15:01:21.548,2.0784,2.07895,3.20,0.80
2008.01.22 15:01:22.322,2.0784,2.07895,3.20,0.80
2008.01.22 15:01:22.803,2.0784,2.07895,3.20,0.80
2008.01.22 15:01:23.083,2.0784,2.079,3.20,2.80
2008.01.22 15:01:23.135,2.0784,2.0789,3.20,1.20
2008.01.22 15:01:23.323,2.0784,2.0789,3.20,1.70
2008.01.22 15:01:23.512,2.0784,2.07885,3.20,0.60
2008.01.22 15:01:23.701,2.0784,2.07885,3.20,1.70
2008.01.22 15:01:23.949,2.0784,2.07885,3.20,1.70
2008.01.22 15:01:24.137,2.0784,2.07885,3.20,1.70
2008.01.22 15:01:24.415,2.0784,2.07885,3.20,0.60
2008.01.22 15:01:24.706,2.0784,2.07885,3.20,0.60
2008.01.22 15:01:25.628,2.0784,2.07885,3.20,0.60
2008.01.22 15:01:25.930,2.0784,2.07885,3.20,0.60
2008.01.22 15:01:26.178,2.0784,2.07885,3.20,0.60
2008.01.22 15:01:26.428,2.0786,2.07905,3.20,1.60
2008.01.22 15:01:26.676,2.0786,2.07905,3.20,2.80
2008.01.22 15:01:26.923,2.0786,2.07905,3.20,0.60
2008.01.22 15:01:27.172,2.0786,2.07885,3.20,0.60
2008.01.22 15:01:27.445,2.0786,2.07885,2.40,0.60
2008.01.22 15:01:27.719,2.0786,2.0789,2.40,1.20
2008.01.22 15:01:27.992,2.0784,2.0789,3.20,0.60
2008.01.22 15:01:28.265,2.0784,2.07895,3.20,0.60
2008.01.22 15:01:28.539,2.0784,2.07895,3.20,0.60
2008.01.22 15:01:28.802,2.0784,2.07895,3.20,0.60
2008.01.22 15:01:29.065,2.0784,2.07895,3.20,0.60
2008.01.22 15:01:29.328,2.0784,2.07885,3.20,0.60
2008.01.22 15:01:29.617,2.0784,2.07885,3.20,0.60
2008.01.22 15:01:29.905,2.0782,2.07875,3.20,0.60
2008.01.22 15:01:30.193,2.0782,2.07875,3.20,0.60
2008.01.22 15:01:30.606,2.0782,2.07875,3.20,0.60
2008.01.22 15:01:30.819,2.0782,2.07875,3.20,0.60
2008.01.22 15:01:31.033,2.0782,2.0788,3.20,2.00
2008.01.22 15:01:31.246,2.0782,2.0788,3.20,2.00
2008.01.22 15:01:31.660,2.0782,2.0788,3.20,2.00
2008.01.22 15:01:31.962,2.0782,2.0788,3.20,2.00
2008.01.22 15:01:32.266,2.0782,2.07875,3.20,0.80
2008.01.22 15:01:32.569,2.0782,2.0787,3.20,1.20
2008.01.22 15:01:32.792,2.0782,2.0787,3.20,1.20
2008.01.22 15:01:33.016,2.0782,2.0787,3.20,1.20
2008.01.22 15:01:33.502,2.0782,2.0787,3.20,1.20
2008.01.22 15:01:33.776,2.0782,2.0787,3.20,1.20
2008.01.22 15:01:34.049,2.0782,2.0787,3.20,1.20
2008.01.22 15:01:34.322,2.0782,2.0787,3.20,1.20
2008.01.22 15:01:34.594,2.0782,2.0787,3.20,1.20
2008.01.22 15:01:34.889,2.078,2.0786,0.80,1.20
2008.01.22 15:01:35.181,2.078,2.0786,0.80,1.20
2008.01.22 15:01:35.475,2.0779,2.0786,2.40,0.60
2008.01.22 15:01:35.709,2.0779,2.0787,3.20,1.20
2008.01.22 15:01:35.942,2.0779,2.0787,3.20,1.20
2008.01.22 15:01:36.176,2.07795,2.0787,0.80,1.20
2008.01.22 15:01:36.410,2.078,2.0786,2.40,0.60
2008.01.22 15:01:36.744,2.078,2.07855,3.20,0.80
2008.01.22 15:01:37.077,2.0782,2.07855,2.40,0.80
2008.01.22 15:01:37.411,2.0782,2.0788,0.80,0.60
2008.01.22 15:01:37.745,2.0781,2.07885,1.60,0.80
2008.01.22 15:01:37.964,2.078,2.0788,4.80,0.80
2008.01.22 15:01:38.300,2.078,2.0788,4.80,0.80
2008.01.22 15:01:38.520,2.078,2.0788,3.20,0.80
2008.01.22 15:01:38.803,2.078,2.0788,3.20,0.80
2008.01.22 15:01:39.086,2.078,2.0788,3.20,0.80
2008.01.22 15:01:39.370,2.078,2.0787,4.80,0.80
2008.01.22 15:01:39.654,2.078,2.0786,1.60,2.00
2008.01.22 15:01:39.962,2.0779,2.0786,1.60,0.80
2008.01.22 15:01:40.270,2.0779,2.0786,2.40,0.80
2008.01.22 15:01:40.579,2.0779,2.0787,0.80,1.20
2008.01.22 15:01:40.833,2.0778,2.0787,7.20,1.20
2008.01.22 15:01:41.056,2.07785,2.0787,0.80,1.20
2008.01.22 15:01:41.296,2.0779,2.0787,0.60,1.20
2008.01.22 15:01:41.534,2.078,2.0788,2.40,2.80
2008.01.22 15:01:41.868,2.078,2.0788,2.40,3.60
2008.01.22 15:01:42.203,2.07795,2.0787,0.80,0.80
2008.01.22 15:01:42.536,2.07785,2.0787,0.80,1.20
2008.01.22 15:01:42.769,2.07785,2.0787,0.80,1.20
2008.01.22 15:01:42.993,2.07785,2.0787,0.80,1.20
2008.01.22 15:01:43.266,2.07785,2.0787,0.80,1.20
2008.01.22 15:01:43.568,2.07795,2.0787,0.80,1.20
2008.01.22 15:01:44.228,2.07795,2.0787,0.80,1.20
2008.01.22 15:01:44.481,2.07795,2.0787,0.80,1.20
2008.01.22 15:01:44.752,2.07795,2.0787,0.80,1.20
2008.01.22 15:01:45.026,2.07795,2.0787,0.80,1.20
2008.01.22 15:01:45.300,2.07795,2.0787,0.80,0.60
2008.01.22 15:01:45.938,2.07795,2.0787,1.20,0.60
2008.01.22 15:01:46.178,2.07795,2.0787,3.60,0.60
2008.01.22 15:01:46.395,2.078,2.0788,1.60,1.20
2008.01.22 15:01:46.608,2.078,2.0788,4.00,1.20
2008.01.22 15:01:46.988,2.078,2.0788,4.00,1.20
2008.01.22 15:01:47.270,2.078,2.07875,1.60,0.80
2008.01.22 15:01:47.553,2.07795,2.0787,0.80,0.60
2008.01.22 15:01:47.836,2.07795,2.0787,0.80,0.60
2008.01.22 15:01:49.245,2.07795,2.0787,0.80,0.60
2008.01.22 15:01:49.478,2.07805,2.0786,0.80,0.60
2008.01.22 15:01:49.711,2.07805,2.0786,1.20,0.60
2008.01.22 15:01:50.039,2.0781,2.0787,3.20,0.60
2008.01.22 15:01:50.373,2.07805,2.0786,0.80,0.60
2008.01.22 15:01:50.701,2.07805,2.0786,0.80,0.60
2008.01.22 15:01:50.956,2.07805,2.0786,0.80,0.60
2008.01.22 15:01:51.347,2.07805,2.0786,0.80,0.90
2008.01.22 15:01:51.561,2.07805,2.0786,0.80,0.90
2008.01.22 15:01:51.775,2.078,2.0786,1.60,1.20
2008.01.22 15:01:52.079,2.07795,2.0786,0.80,0.80
2008.01.22 15:01:52.382,2.07795,2.0786,0.80,0.80
2008.01.22 15:01:52.685,2.07795,2.0788,0.80,1.20
2008.01.22 15:01:53.325,2.07795,2.0788,0.80,1.20
2008.01.22 15:01:53.831,2.07795,2.0788,0.80,1.20
2008.01.22 15:01:54.038,2.07795,2.0788,0.80,2.80
2008.01.22 15:01:54.360,2.07795,2.0788,0.80,2.80
2008.01.22 15:01:54.605,2.07795,2.0788,0.80,1.20
2008.01.22 15:01:54.813,2.0781,2.0788,2.40,1.20
2008.01.22 15:01:55.143,2.0781,2.0788,3.20,1.20
2008.01.22 15:01:55.471,2.0781,2.0788,3.20,2.80
2008.01.22 15:01:55.802,2.07825,2.0788,0.80,1.20
2008.01.22 15:01:55.996,2.07825,2.0788,0.80,1.20
2008.01.22 15:01:56.195,2.07815,2.0788,0.80,1.20
2008.01.22 15:01:56.389,2.07815,2.0788,0.80,1.20
2008.01.22 15:01:56.582,2.07815,2.0788,0.80,1.20
2008.01.22 15:01:56.775,2.07825,2.0788,0.80,0.60
2008.01.22 15:01:56.967,2.07825,2.07895,0.80,1.60
2008.01.22 15:01:57.300,2.07825,2.079,0.80,2.80
2008.01.22 15:01:58.297,2.07825,2.079,0.80,2.80
2008.01.22 15:01:58.441,2.07825,2.079,0.80,1.20
2008.01.22 15:01:58.584,2.07825,2.079,0.80,1.20
2008.01.22 15:01:58.740,2.07825,2.079,0.80,1.20
2008.01.22 15:01:58.884,2.07835,2.079,0.80,1.20
2008.01.22 15:01:59.027,2.07835,2.079,0.80,1.20
2008.01.22 15:01:59.360,2.07835,2.079,0.80,2.80
2008.01.22 15:01:59.888,2.07835,2.079,0.80,2.80
2008.01.22 15:02:00.207,2.07835,2.079,1.60,0.60
2008.01.22 15:02:00.451,2.07835,2.079,1.60,0.60
2008.01.22 15:02:00.696,2.07835,2.079,1.60,0.60
2008.01.22 15:02:00.938,2.07835,2.079,1.60,0.60
2008.01.22 15:02:01.163,2.07835,2.079,1.60,0.60
2008.01.22 15:02:01.388,2.07835,2.079,1.60,0.60
2008.01.22 15:02:01.611,2.07835,2.0789,1.60,1.20
2008.01.22 15:02:01.838,2.07835,2.0789,1.60,1.20
2008.01.22 15:02:02.064,2.07835,2.0789,1.60,1.20
2008.01.22 15:02:02.393,2.07835,2.0789,0.80,1.20
2008.01.22 15:02:02.721,2.07835,2.079,0.80,1.20
2008.01.22 15:02:03.051,2.07835,2.079,1.60,0.60
2008.01.22 15:02:03.269,2.07835,2.079,1.60,0.60
2008.01.22 15:02:03.778,2.07835,2.079,1.60,0.60
2008.01.22 15:02:04.004,2.07835,2.079,1.60,0.60
2008.01.22 15:02:04.702,2.07835,2.079,1.60,0.60
2008.01.22 15:02:05.015,2.07835,2.079,1.60,0.60
2008.01.22 15:02:05.778,2.07835,2.079,1.60,0.60
2008.01.22 15:02:06.032,2.07845,2.079,0.80,0.60
2008.01.22 15:02:06.290,2.07845,2.079,0.80,0.60
2008.01.22 15:02:06.548,2.07845,2.079,0.80,0.60
2008.01.22 15:02:06.819,2.0784,2.079,1.60,0.60
2008.01.22 15:02:07.077,2.0784,2.079,1.60,0.60
2008.01.22 15:02:07.325,2.07835,2.079,1.60,0.60
2008.01.22 15:02:07.574,2.07835,2.07905,1.60,0.90
2008.01.22 15:02:07.822,2.0784,2.07905,2.40,0.90
2008.01.22 15:02:08.071,2.0785,2.07905,1.60,0.60
2008.01.22 15:02:08.350,2.07845,2.0792,0.80,0.60
2008.01.22 15:02:08.629,2.07855,2.0792,0.80,0.60
2008.01.22 15:02:08.944,2.07855,2.0792,0.80,0.60
2008.01.22 15:02:09.222,2.07865,2.0792,0.80,0.60
2008.01.22 15:02:09.506,2.07865,2.0792,0.80,0.60
2008.01.22 15:02:09.790,2.07865,2.0792,0.80,0.60
2008.01.22 15:02:10.073,2.07865,2.0792,0.80,0.60
2008.01.22 15:02:10.358,2.07865,2.0792,0.80,0.60
2008.01.22 15:02:10.647,2.07865,2.0792,0.80,2.00
2008.01.22 15:02:10.935,2.07865,2.0791,0.80,0.60
2008.01.22 15:02:11.224,2.07865,2.0791,0.80,0.60
2008.01.22 15:02:11.482,2.0787,2.0791,2.40,0.60
2008.01.22 15:02:11.741,2.07875,2.0791,0.80,0.60
2008.01.22 15:02:12.000,2.07875,2.079,0.80,0.60
2008.01.22 15:02:12.259,2.07875,2.079,0.80,0.60
2008.01.22 15:02:12.547,2.07875,2.079,0.80,0.80
2008.01.22 15:02:12.835,2.07875,2.0791,0.80,0.60
2008.01.22 15:02:13.124,2.07875,2.0791,0.80,0.60
2008.01.22 15:02:13.414,2.07865,2.079,0.80,0.60
2008.01.22 15:02:13.687,2.0785,2.079,2.80,1.20
2008.01.22 15:02:13.962,2.0785,2.079,2.40,1.20
2008.01.22 15:02:14.236,2.0785,2.079,2.40,1.20
2008.01.22 15:02:14.489,2.07845,2.079,2.80,1.20
2008.01.22 15:02:14.949,2.07845,2.079,2.80,1.20
2008.01.22 15:02:15.203,2.07845,2.079,2.80,1.20
2008.01.22 15:02:15.234,2.0784,2.079,6.40,1.20
2008.01.22 15:02:15.456,2.07845,2.079,0.60,1.20
2008.01.22 15:02:15.769,2.0784,2.07895,3.20,0.80
2008.01.22 15:02:16.083,2.0784,2.0788,3.20,0.60
2008.01.22 15:02:16.399,2.0784,2.0786,0.80,0.80
2008.01.22 15:02:16.652,2.07815,2.0786,0.60,1.20
2008.01.22 15:02:16.905,2.0782,2.0786,2.40,0.60
2008.01.22 15:02:17.158,2.0783,2.0787,2.40,1.20
2008.01.22 15:02:17.411,2.0783,2.0787,3.20,0.80
2008.01.22 15:02:17.649,2.0783,2.0787,3.20,0.80
2008.01.22 15:02:17.887,2.0783,2.0788,3.20,0.80
2008.01.22 15:02:18.125,2.0783,2.07885,3.20,0.60
2008.01.22 15:02:18.363,2.0783,2.0789,3.20,0.60
2008.01.22 15:02:19.303,2.0783,2.0789,3.20,0.60
2008.01.22 15:02:21.024,2.0783,2.0789,3.20,0.60
2008.01.22 15:02:22.378,2.0783,2.0789,3.20,0.60
2008.01.22 15:02:22.693,2.0783,2.0789,3.20,0.60
2008.01.22 15:02:23.035,2.0783,2.0789,3.20,0.60
2008.01.22 15:02:23.434,2.0783,2.0789,3.60,0.60
2008.01.22 15:02:23.633,2.0783,2.079,6.00,0.60
2008.01.22 15:02:23.887,2.0783,2.0789,6.00,0.60
2008.01.22 15:02:24.142,2.07835,2.0789,0.60,0.60
2008.01.22 15:02:24.396,2.07835,2.0789,2.40,0.60
2008.01.22 15:02:24.649,2.07835,2.0789,2.40,0.60
2008.01.22 15:02:24.957,2.0783,2.0789,3.20,0.60
2008.01.22 15:02:25.265,2.0785,2.0789,2.40,0.60
2008.01.22 15:02:25.574,2.0785,2.07895,3.20,0.80
2008.01.22 15:02:25.914,2.0785,2.07895,3.20,0.80
2008.01.22 15:02:26.143,2.0784,2.07885,0.80,0.80
2008.01.22 15:02:26.371,2.0784,2.07885,3.20,0.80
2008.01.22 15:02:26.600,2.0784,2.07885,0.80,0.80
2008.01.22 15:02:26.935,2.0783,2.0788,0.80,0.90
2008.01.22 15:02:27.280,2.0783,2.0788,0.80,0.90
2008.01.22 15:02:27.614,2.0783,2.0788,0.80,0.60
2008.01.22 15:02:27.838,2.07825,2.0788,3.20,0.60
2008.01.22 15:02:28.061,2.0783,2.07885,3.20,0.80
2008.01.22 15:02:28.286,2.0784,2.07885,2.80,0.80
2008.01.22 15:02:28.509,2.07845,2.079,0.80,1.20
2008.01.22 15:02:28.893,2.0784,2.079,4.40,1.20
2008.01.22 15:02:29.200,2.07845,2.0791,1.20,1.20
2008.01.22 15:02:29.508,2.07845,2.0791,2.00,1.20
2008.01.22 15:02:29.962,2.07845,2.0791,1.60,1.20
2008.01.22 15:02:30.231,2.07845,2.07905,0.80,0.60
2008.01.22 15:02:30.499,2.07845,2.0791,0.80,2.50
2008.01.22 15:02:30.769,2.0784,2.07905,2.40,0.90
2008.01.22 15:02:30.982,2.0784,2.07905,3.20,0.90
2008.01.22 15:02:31.196,2.0784,2.07905,0.80,0.60
2008.01.22 15:02:31.410,2.0784,2.07905,0.80,0.80
2008.01.22 15:02:31.623,2.0782,2.07905,3.20,0.80
2008.01.22 15:02:31.836,2.0782,2.0789,3.20,0.80
2008.01.22 15:02:32.185,2.0782,2.0789,3.20,2.80
2008.01.22 15:02:32.518,2.0782,2.07875,3.20,1.20
2008.01.22 15:02:32.851,2.0782,2.07875,0.80,1.20
2008.01.22 15:02:33.055,2.07815,2.07875,0.60,1.20
2008.01.22 15:02:33.259,2.07815,2.0788,2.80,0.60
2008.01.22 15:02:33.464,2.07815,2.0788,2.80,0.60
2008.01.22 15:02:33.667,2.07815,2.07885,2.80,0.60
2008.01.22 15:02:33.960,2.07815,2.07885,2.80,0.60
2008.01.22 15:02:34.253,2.0782,2.07865,2.40,0.60
2008.01.22 15:02:34.546,2.0782,2.07865,2.40,0.60
2008.01.22 15:02:34.840,2.078,2.07865,0.80,0.60
2008.01.22 15:02:35.094,2.07795,2.07865,2.80,0.60
2008.01.22 15:02:35.348,2.07795,2.07855,2.80,0.60
2008.01.22 15:02:35.601,2.07795,2.07855,2.80,0.60
2008.01.22 15:02:35.869,2.07795,2.07855,2.80,0.60
2008.01.22 15:02:36.123,2.07795,2.07855,2.80,0.60
2008.01.22 15:02:36.408,2.07795,2.07855,2.40,0.60
2008.01.22 15:02:36.677,2.07795,2.07855,2.40,0.60
2008.01.22 15:02:36.960,2.0779,2.0786,6.00,0.80
2008.01.22 15:02:37.244,2.0779,2.07855,5.60,0.60
2008.01.22 15:02:37.528,2.0779,2.0784,3.20,0.50
2008.01.22 15:02:37.812,2.0779,2.0784,3.20,0.50
2008.01.22 15:02:38.095,2.0779,2.0784,3.20,0.50
2008.01.22 15:02:38.363,2.0779,2.07845,3.20,0.60
2008.01.22 15:02:38.632,2.0779,2.07845,3.20,0.60
2008.01.22 15:02:38.901,2.0778,2.0785,3.20,1.30
2008.01.22 15:02:39.158,2.0778,2.0785,3.20,1.30
2008.01.22 15:02:39.401,2.0778,2.0785,3.20,1.30
2008.01.22 15:02:39.645,2.0778,2.0785,3.20,1.30
2008.01.22 15:02:39.889,2.0779,2.0785,3.20,0.90
2008.01.22 15:02:40.218,2.0779,2.0785,3.20,0.90
2008.01.22 15:02:40.547,2.0779,2.0785,3.20,0.90
2008.01.22 15:02:40.874,2.0779,2.07845,3.20,2.40
2008.01.22 15:02:41.088,2.0779,2.07845,3.20,2.40
2008.01.22 15:02:41.301,2.078,2.0784,2.40,0.60
2008.01.22 15:02:41.514,2.078,2.0784,3.20,0.60
2008.01.22 15:02:41.727,2.078,2.0784,3.20,0.60
2008.01.22 15:02:42.045,2.0778,2.0784,3.20,0.90
2008.01.22 15:02:42.364,2.0778,2.07835,3.20,0.60
2008.01.22 15:02:42.683,2.0781,2.07835,3.20,0.60
2008.01.22 15:02:43.000,2.0781,2.07835,3.20,0.60
2008.01.22 15:02:43.235,2.0782,2.07855,0.80,0.60
2008.01.22 15:02:43.469,2.0782,2.07855,3.20,0.60
2008.01.22 15:02:43.912,2.0782,2.07855,3.20,0.60
2008.01.22 15:02:44.336,2.0782,2.07855,3.20,0.60
2008.01.22 15:02:44.660,2.0781,2.07855,3.20,0.60
2008.01.22 15:02:44.969,2.0781,2.0786,3.20,0.60
2008.01.22 15:02:45.208,2.0781,2.07865,0.80,0.60
2008.01.22 15:02:45.447,2.0781,2.07865,0.80,0.60
2008.01.22 15:02:45.687,2.078,2.0786,1.60,1.20
2008.01.22 15:02:45.925,2.0779,2.07855,3.20,0.80
2008.01.22 15:02:46.223,2.0782,2.0785,0.60,1.00
2008.01.22 15:02:46.521,2.0782,2.07875,0.60,1.60
2008.01.22 15:02:46.833,2.0782,2.0789,0.60,1.00
2008.01.22 15:02:47.087,2.0782,2.0789,0.60,1.00
2008.01.22 15:02:47.341,2.0782,2.0789,0.60,1.00
2008.01.22 15:02:47.594,2.0782,2.0789,0.60,1.50
2008.01.22 15:02:47.914,2.0782,2.0789,0.60,1.00
2008.01.22 15:02:48.178,2.0783,2.0789,0.60,1.00
2008.01.22 15:02:48.440,2.0783,2.07895,3.60,0.60
2008.01.22 15:02:48.704,2.07835,2.07895,0.80,0.60
2008.01.22 15:02:48.968,2.0785,2.07905,4.00,0.60
2008.01.22 15:02:49.236,2.07855,2.07905,0.80,0.60
2008.01.22 15:02:49.504,2.07855,2.07905,0.80,0.60
2008.01.22 15:02:49.773,2.0786,2.07905,0.80,1.20
2008.01.22 15:02:50.042,2.0786,2.07905,0.80,1.20
2008.01.22 15:02:50.311,2.0786,2.079,0.80,0.60
2008.01.22 15:02:50.580,2.0786,2.07915,0.80,2.40
2008.01.22 15:02:50.857,2.0786,2.07915,3.20,3.20
2008.01.22 15:02:51.127,2.0786,2.07915,3.20,3.20
2008.01.22 15:02:51.465,2.0786,2.07915,3.60,3.20
2008.01.22 15:02:51.757,2.0786,2.0792,1.20,0.60
2008.01.22 15:02:52.050,2.0786,2.0793,1.20,2.00
2008.01.22 15:02:52.288,2.0786,2.0793,1.20,2.50
2008.01.22 15:02:52.526,2.0786,2.0793,1.20,0.60
2008.01.22 15:02:52.765,2.0786,2.0793,1.20,2.00
2008.01.22 15:02:53.207,2.0786,2.0793,1.20,2.50
2008.01.22 15:02:53.431,2.0786,2.0793,0.80,2.50
2008.01.22 15:02:53.654,2.0786,2.0793,0.80,2.50
2008.01.22 15:02:54.049,2.0786,2.0793,0.80,2.50
2008.01.22 15:02:54.265,2.0786,2.0793,1.20,2.50
2008.01.22 15:02:54.606,2.0786,2.0791,1.20,1.60
2008.01.22 15:02:54.815,2.0785,2.079,4.00,0.60
2008.01.22 15:02:55.024,2.07835,2.07895,1.60,1.20
2008.01.22 15:02:55.341,2.0783,2.0789,4.00,0.60
2008.01.22 15:02:55.644,2.0784,2.07885,0.60,0.80
2008.01.22 15:02:55.948,2.0784,2.07885,1.20,0.80
2008.01.22 15:02:56.252,2.0784,2.0791,1.20,2.00
2008.01.22 15:02:56.511,2.0784,2.0791,1.20,2.50
2008.01.22 15:02:56.769,2.0784,2.0791,1.20,2.50
2008.01.22 15:02:57.027,2.0784,2.0791,1.20,0.60
2008.01.22 15:02:57.351,2.0783,2.07895,4.40,0.80
2008.01.22 15:02:57.675,2.0783,2.07895,4.40,0.80
2008.01.22 15:02:58.000,2.07845,2.0791,0.80,0.60
2008.01.22 15:02:58.322,2.07845,2.0791,0.80,0.60
2008.01.22 15:02:58.545,2.07845,2.0791,0.80,0.60
2008.01.22 15:02:58.768,2.07845,2.0791,0.80,0.60
2008.01.22 15:02:58.992,2.07845,2.0793,0.80,2.00
2008.01.22 15:02:59.380,2.07845,2.0793,0.80,2.00
2008.01.22 15:02:59.648,2.07845,2.0793,0.80,2.00
2008.01.22 15:02:59.916,2.07835,2.07895,1.20,0.80
2008.01.22 15:03:00.202,2.0784,2.07895,2.40,0.80
2008.01.22 15:03:00.511,2.07835,2.0791,2.00,0.90
2008.01.22 15:03:00.837,2.07835,2.079,1.60,0.90
2008.01.22 15:03:01.163,2.07835,2.0789,1.20,0.60
2008.01.22 15:03:01.384,2.07835,2.0789,1.20,0.60
2008.01.22 15:03:01.623,2.0784,2.079,0.60,0.60
2008.01.22 15:03:01.862,2.0784,2.0791,3.60,0.60
2008.01.22 15:03:02.100,2.0784,2.0791,4.40,0.60
2008.01.22 15:03:02.414,2.0784,2.07905,4.00,0.60
2008.01.22 15:03:02.729,2.0784,2.07895,4.00,0.80
2008.01.22 15:03:03.042,2.0784,2.07895,3.20,0.80
2008.01.22 15:03:03.355,2.0784,2.07895,3.20,0.80
2008.01.22 15:03:03.624,2.0784,2.07895,3.20,0.80
2008.01.22 15:03:04.365,2.0784,2.07895,3.20,0.80
2008.01.22 15:03:04.614,2.0784,2.07895,3.20,0.80
2008.01.22 15:03:04.853,2.0784,2.0788,0.80,1.20
2008.01.22 15:03:05.092,2.0782,2.07875,3.20,0.80
2008.01.22 15:03:05.760,2.0782,2.07875,0.80,0.80
2008.01.22 15:03:06.064,2.0783,2.07875,0.60,0.80
2008.01.22 15:03:06.368,2.0783,2.0788,3.60,0.60
2008.01.22 15:03:06.616,2.0783,2.07895,4.40,0.80
2008.01.22 15:03:06.864,2.0784,2.07895,2.40,0.80
2008.01.22 15:03:07.113,2.0784,2.07895,3.20,0.80
2008.01.22 15:03:08.068,2.0784,2.07895,3.20,0.80
2008.01.22 15:03:08.341,2.0784,2.07895,0.80,0.80
2008.01.22 15:03:08.564,2.0783,2.07895,4.40,0.80
2008.01.22 15:03:08.787,2.0783,2.07895,4.40,0.80
2008.01.22 15:03:09.010,2.0783,2.07895,4.40,0.80
2008.01.22 15:03:09.375,2.0783,2.07895,4.40,0.80
2008.01.22 15:03:09.648,2.0783,2.07895,4.40,0.80
2008.01.22 15:03:10.027,2.0783,2.079,4.40,2.80
2008.01.22 15:03:10.286,2.0783,2.07895,4.40,0.80
2008.01.22 15:03:10.559,2.0783,2.07895,4.40,0.80
2008.01.22 15:03:10.812,2.0783,2.07895,1.60,1.20
2008.01.22 15:03:11.065,2.0782,2.0789,1.20,1.20
2008.01.22 15:03:11.319,2.0782,2.0789,1.20,1.20
2008.01.22 15:03:11.691,2.0782,2.0789,1.20,1.20
2008.01.22 15:03:11.969,2.0782,2.0789,1.20,1.20
2008.01.22 15:03:12.249,2.0781,2.07885,0.80,0.80
2008.01.22 15:03:12.368,2.07805,2.07885,3.20,0.80
2008.01.22 15:03:12.527,2.07795,2.07885,2.00,0.80
2008.01.22 15:03:12.740,2.0779,2.07885,8.00,0.80
2008.01.22 15:03:13.707,2.07795,2.07855,0.50,0.80
2008.01.22 15:03:13.956,2.0779,2.0785,6.40,0.80
2008.01.22 15:03:14.310,2.07795,2.0785,1.00,0.80
2008.01.22 15:03:14.559,2.0779,2.0786,6.40,2.00
2008.01.22 15:03:14.788,2.07795,2.0786,0.80,1.60
2008.01.22 15:03:15.017,2.0779,2.0786,6.00,2.00
2008.01.22 15:03:15.245,2.0779,2.0785,6.00,0.80
2008.01.22 15:03:15.648,2.07795,2.0785,0.80,1.20
2008.01.22 15:03:15.932,2.07795,2.07845,0.80,0.80
2008.01.22 15:03:16.215,2.0779,2.07845,6.00,0.80
2008.01.22 15:03:16.499,2.07795,2.07845,0.80,0.80
2008.01.22 15:03:16.788,2.07785,2.0784,5.60,0.80
2008.01.22 15:03:17.181,2.07785,2.0784,5.60,0.80
2008.01.22 15:03:17.471,2.078,2.0784,0.70,0.80
2008.01.22 15:03:17.721,2.0779,2.07835,1.20,0.80
2008.01.22 15:03:17.970,2.07785,2.07835,5.60,0.80
2008.01.22 15:03:18.423,2.07785,2.07835,5.60,0.80
2008.01.22 15:03:18.977,2.0779,2.07835,4.00,0.80
2008.01.22 15:03:19.241,2.07805,2.07835,0.60,0.80
2008.01.22 15:03:19.505,2.0781,2.07865,1.50,0.80
2008.01.22 15:03:19.739,2.0781,2.07865,1.20,0.80
2008.01.22 15:03:20.184,2.0781,2.07865,1.50,0.80
2008.01.22 15:03:20.419,2.07815,2.07865,5.20,0.80
2008.01.22 15:03:20.652,2.0783,2.07865,1.30,0.80
2008.01.22 15:03:20.981,2.0783,2.07875,0.50,0.80
2008.01.22 15:03:21.309,2.07815,2.07875,6.80,0.80
2008.01.22 15:03:22.067,2.07835,2.07875,0.60,0.80
2008.01.22 15:03:22.320,2.07835,2.0788,5.20,1.20
2008.01.22 15:03:22.575,2.07835,2.07895,6.80,0.80
2008.01.22 15:03:22.819,2.07845,2.07895,3.80,0.80
2008.01.22 15:03:23.061,2.07845,2.07895,3.80,0.80
2008.01.22 15:03:23.303,2.07845,2.07905,3.80,0.80
2008.01.22 15:03:23.618,2.0785,2.07905,1.40,0.80
2008.01.22 15:03:24.366,2.0785,2.07905,1.10,0.80
2008.01.22 15:03:24.656,2.07845,2.07905,3.80,0.80
2008.01.22 15:03:24.909,2.07845,2.07905,3.80,0.80
2008.01.22 15:03:25.162,2.0784,2.07905,7.60,3.20
2008.01.22 15:03:25.414,2.0784,2.079,1.40,0.60
2008.01.22 15:03:26.137,2.0784,2.079,1.60,0.60
2008.01.22 15:03:26.344,2.07835,2.079,10.40,0.60
2008.01.22 15:03:26.570,2.0784,2.079,2.40,0.60
2008.01.22 15:03:26.791,2.0784,2.079,0.60,0.60
2008.01.22 15:03:27.626,2.07835,2.079,6.40,0.60
2008.01.22 15:03:27.959,2.07835,2.079,7.20,0.60
2008.01.22 15:03:28.151,2.07845,2.079,0.80,0.60
2008.01.22 15:03:28.346,2.0788,2.07905,1.70,3.20
2008.01.22 15:03:28.539,2.0787,2.07905,3.80,0.80
2008.01.22 15:03:28.733,2.0788,2.0793,3.20,0.60
2008.01.22 15:03:29.066,2.07865,2.07935,8.00,1.20
2008.01.22 15:03:29.399,2.07865,2.07935,4.80,1.20
2008.01.22 15:03:29.732,2.07855,2.0792,5.20,0.80
2008.01.22 15:03:29.984,2.0786,2.0795,1.20,2.80
2008.01.22 15:03:30.392,2.0786,2.0795,1.30,2.80
2008.01.22 15:03:30.644,2.07855,2.0795,5.20,2.80
2008.01.22 15:03:31.148,2.0786,2.0795,0.90,2.80
2008.01.22 15:03:31.418,2.07855,2.0793,4.40,0.60
2008.01.22 15:03:31.701,2.07855,2.0793,4.40,0.60
2008.01.22 15:03:32.090,2.0786,2.0793,0.50,0.60
2008.01.22 15:03:32.342,2.0786,2.0793,1.60,1.20
2008.01.22 15:03:34.425,2.07855,2.0793,4.40,1.20
2008.01.22 15:03:34.619,2.0786,2.0793,4.20,1.20
2008.01.22 15:03:34.813,2.0786,2.0792,5.60,0.80
2008.01.22 15:03:35.131,2.0786,2.0792,0.50,1.20
2008.01.22 15:03:35.450,2.07865,2.0792,4.40,0.80
2008.01.22 15:03:35.769,2.07885,2.07935,0.70,0.80
2008.01.22 15:03:36.029,2.0791,2.07915,1.00,0.80
2008.01.22 15:03:36.256,2.0791,2.07915,1.70,0.80
2008.01.22 15:03:36.500,2.0788,2.07915,1.60,0.80
2008.01.22 15:03:36.745,2.07875,2.07935,4.00,1.20
2008.01.22 15:03:36.990,2.0788,2.07935,2.00,1.20
2008.01.22 15:03:37.337,2.07875,2.07935,4.00,1.20
2008.01.22 15:03:37.672,2.0788,2.07935,4.20,1.20
2008.01.22 15:03:38.004,2.07885,2.07955,4.40,2.80
2008.01.22 15:03:38.213,2.07895,2.07955,3.80,1.20
2008.01.22 15:03:38.421,2.0791,2.07955,3.20,0.80
2008.01.22 15:03:38.631,2.07895,2.07955,4.40,0.80
2008.01.22 15:03:38.840,2.079,2.07955,1.90,0.80
2008.01.22 15:03:39.113,2.07895,2.07955,4.00,0.80
2008.01.22 15:03:39.387,2.079,2.0795,0.80,0.80
2008.01.22 15:03:39.660,2.0788,2.0795,5.60,1.20
2008.01.22 15:03:39.934,2.07865,2.0795,0.80,2.00
2008.01.22 15:03:40.472,2.07865,2.0795,0.80,2.00
2008.01.22 15:03:40.746,2.0786,2.0795,4.00,2.00
2008.01.22 15:03:41.048,2.07865,2.0794,0.80,1.60
2008.01.22 15:03:41.252,2.0787,2.0794,0.70,1.60
2008.01.22 15:03:41.455,2.0787,2.0794,3.20,2.40
2008.01.22 15:03:41.763,2.0787,2.0794,2.40,2.80
2008.01.22 15:03:41.967,2.07865,2.0794,0.80,2.00
2008.01.22 15:03:42.282,2.0791,2.0794,3.20,1.60
2008.01.22 15:03:42.612,2.0791,2.0794,3.20,1.60
2008.01.22 15:03:42.924,2.079,2.07955,0.80,0.80
2008.01.22 15:03:43.187,2.0788,2.0795,3.20,0.60
2008.01.22 15:03:43.466,2.07865,2.0795,2.80,0.60
2008.01.22 15:03:43.745,2.07865,2.0793,1.20,2.40
2008.01.22 15:03:44.024,2.07865,2.0792,0.60,0.60
2008.01.22 15:03:44.298,2.0786,2.0792,3.20,0.60
2008.01.22 15:03:44.585,2.0785,2.0792,6.00,0.90
2008.01.22 15:03:44.860,2.0785,2.0791,1.20,0.60
2008.01.22 15:03:45.134,2.0785,2.0791,3.20,0.60
2008.01.22 15:03:45.433,2.0785,2.0791,0.80,0.60
2008.01.22 15:03:45.737,2.07845,2.0791,0.80,0.60
2008.01.22 15:03:46.036,2.07845,2.0792,0.80,0.60
2008.01.22 15:03:46.275,2.07845,2.0792,0.80,2.80
2008.01.22 15:03:46.512,2.07845,2.0791,0.80,0.60
2008.01.22 15:03:46.857,2.07845,2.0791,0.80,0.60
2008.01.22 15:03:47.095,2.0783,2.0791,4.80,0.60
2008.01.22 15:03:47.404,2.07815,2.0787,4.00,0.60
2008.01.22 15:03:47.713,2.07835,2.0787,0.80,2.80
2008.01.22 15:03:48.022,2.07825,2.0788,0.80,0.60
2008.01.22 15:03:48.285,2.07825,2.0788,0.80,0.60
2008.01.22 15:03:48.548,2.07825,2.0786,0.80,0.60
2008.01.22 15:03:48.811,2.07835,2.07865,0.80,0.80
2008.01.22 15:03:49.080,2.07835,2.0789,0.80,2.40
2008.01.22 15:03:49.358,2.07835,2.07895,0.80,0.60
2008.01.22 15:03:49.637,2.07835,2.07895,0.80,0.60
2008.01.22 15:03:49.915,2.07835,2.07895,0.80,0.60
2008.01.22 15:03:50.194,2.07835,2.079,0.80,1.20
2008.01.22 15:03:50.507,2.07835,2.079,0.80,0.60
2008.01.22 15:03:50.821,2.07835,2.079,0.80,2.00
2008.01.22 15:03:51.135,2.07835,2.079,0.80,2.00
2008.01.22 15:03:51.368,2.07835,2.07885,0.80,3.20
2008.01.22 15:03:51.600,2.07835,2.0788,0.80,0.60
2008.01.22 15:03:51.834,2.07835,2.0788,0.80,0.60
2008.01.22 15:03:52.087,2.07815,2.0788,0.60,0.60
2008.01.22 15:03:52.391,2.07825,2.0788,0.80,0.60
2008.01.22 15:03:52.695,2.07825,2.0788,0.80,0.60
2008.01.22 15:03:53.100,2.07825,2.0788,0.80,0.60
2008.01.22 15:03:54.062,2.07815,2.0788,1.20,0.60
2008.01.22 15:03:54.449,2.07815,2.0788,1.20,0.60
2008.01.22 15:03:54.722,2.0781,2.0788,5.60,0.60
2008.01.22 15:03:54.996,2.07805,2.0788,0.80,0.60
2008.01.22 15:03:55.279,2.0781,2.0788,2.40,2.80
2008.01.22 15:03:55.583,2.0781,2.07865,3.20,0.60
2008.01.22 15:03:55.886,2.078,2.07845,0.80,0.60
2008.01.22 15:03:56.190,2.0778,2.0784,5.60,0.60
2008.01.22 15:03:56.419,2.0778,2.0784,3.20,1.20
2008.01.22 15:03:56.652,2.0778,2.0784,3.20,1.80
2008.01.22 15:03:56.883,2.07785,2.0784,0.60,3.40
2008.01.22 15:03:57.129,2.0778,2.0784,3.20,3.40
2008.01.22 15:03:57.444,2.07785,2.07835,0.80,0.60
2008.01.22 15:03:57.778,2.0778,2.0783,0.80,1.70
2008.01.22 15:03:58.111,2.0777,2.0782,3.20,0.60
2008.01.22 15:03:58.341,2.0777,2.07815,3.20,0.60
2008.01.22 15:03:58.489,2.0777,2.0782,3.20,1.20
2008.01.22 15:03:58.569,2.07775,2.0782,0.80,1.20
2008.01.22 15:03:58.797,2.0779,2.07835,2.40,3.60
2008.01.22 15:03:59.026,2.0779,2.0784,3.20,1.60
2008.01.22 15:03:59.254,2.0779,2.0784,3.20,2.10
2008.01.22 15:03:59.569,2.0779,2.0783,0.80,0.80
2008.01.22 15:03:59.881,2.07775,2.07835,0.80,4.20
2008.01.22 15:04:00.195,2.07785,2.07835,0.80,4.20
2008.01.22 15:04:00.453,2.0779,2.07835,0.80,1.40
2008.01.22 15:04:00.712,2.0779,2.07835,1.20,1.40
2008.01.22 15:04:00.969,2.0779,2.07855,3.60,4.20
2008.01.22 15:04:01.267,2.07795,2.0785,0.80,0.70
2008.01.22 15:04:01.551,2.07795,2.0785,0.80,0.90
2008.01.22 15:04:02.099,2.07795,2.07855,0.80,6.60
2008.01.22 15:04:02.381,2.07795,2.07855,0.80,4.20
2008.01.22 15:04:03.148,2.07795,2.0785,0.80,0.90
2008.01.22 15:04:03.350,2.07795,2.0785,0.80,0.70
2008.01.22 15:04:03.580,2.07795,2.07855,0.80,8.60
2008.01.22 15:04:03.785,2.07795,2.07855,0.80,2.20
2008.01.22 15:04:03.988,2.07795,2.0785,0.80,0.70
2008.01.22 15:04:04.191,2.07795,2.07845,0.80,3.60
2008.01.22 15:04:04.494,2.07795,2.07845,0.80,4.60
2008.01.22 15:04:04.798,2.07795,2.0784,0.80,0.90
2008.01.22 15:04:05.128,2.0778,2.0784,3.20,0.70
2008.01.22 15:04:05.432,2.0777,2.07835,4.40,1.80
2008.01.22 15:04:05.701,2.0777,2.0782,4.00,1.20
2008.01.22 15:04:05.971,2.0775,2.07815,3.20,4.00
2008.01.22 15:04:06.239,2.07745,2.07815,0.80,4.50
2008.01.22 15:04:06.498,2.0775,2.07815,1.60,2.70
2008.01.22 15:04:06.757,2.07745,2.07815,0.80,2.70
2008.01.22 15:04:07.150,2.07745,2.07815,0.80,2.70
2008.01.22 15:04:08.057,2.07745,2.07815,1.20,2.20
2008.01.22 15:04:08.346,2.0775,2.0781,4.80,0.60
2008.01.22 15:04:08.570,2.0775,2.07785,4.80,1.20
2008.01.22 15:04:08.794,2.07735,2.0778,2.40,1.20
2008.01.22 15:04:09.018,2.0772,2.0778,3.20,2.40
2008.01.22 15:04:09.241,2.0772,2.0778,3.20,3.20
2008.01.22 15:04:09.549,2.0772,2.0778,3.20,3.20
2008.01.22 15:04:09.865,2.07715,2.07775,0.80,4.80
2008.01.22 15:04:10.174,2.07715,2.0776,0.80,0.60
2008.01.22 15:04:10.483,2.07705,2.07765,0.80,1.20
2008.01.22 15:04:10.748,2.07705,2.07765,0.80,1.20
2008.01.22 15:04:11.034,2.07705,2.07765,0.80,1.20
2008.01.22 15:04:11.297,2.077,2.0776,6.00,0.80
2008.01.22 15:04:11.590,2.077,2.0776,6.00,0.70
2008.01.22 15:04:11.883,2.077,2.0776,0.80,0.50
2008.01.22 15:04:12.176,2.07695,2.0776,0.80,2.00
2008.01.22 15:04:12.470,2.077,2.0776,2.40,1.60
2008.01.22 15:04:12.729,2.077,2.07755,3.20,0.80
2008.01.22 15:04:12.988,2.0771,2.07775,3.20,0.60
2008.01.22 15:04:13.247,2.0771,2.0778,0.80,1.40
2008.01.22 15:04:13.505,2.0771,2.07765,3.20,0.60
2008.01.22 15:04:13.886,2.0771,2.0777,3.20,2.40
2008.01.22 15:04:14.149,2.0771,2.0777,3.20,2.90
2008.01.22 15:04:14.412,2.0771,2.0777,3.20,2.90
2008.01.22 15:04:14.666,2.0771,2.07765,3.20,1.60
2008.01.22 15:04:14.920,2.0769,2.0776,3.20,0.60
2008.01.22 15:04:15.173,2.0769,2.0776,3.20,0.80
2008.01.22 15:04:15.426,2.077,2.07765,3.20,2.70
2008.01.22 15:04:15.705,2.077,2.07755,3.20,1.20
2008.01.22 15:04:15.983,2.077,2.0775,3.20,0.90
2008.01.22 15:04:16.261,2.077,2.0775,3.20,0.80
2008.01.22 15:04:16.539,2.077,2.07755,3.20,2.90
2008.01.22 15:04:16.802,2.077,2.0775,3.20,2.00
2008.01.22 15:04:17.064,2.077,2.07745,3.20,0.80
2008.01.22 15:04:17.714,2.077,2.0775,3.20,2.00
2008.01.22 15:04:17.937,2.077,2.07745,3.20,0.80
2008.01.22 15:04:18.161,2.077,2.07735,3.20,1.20
2008.01.22 15:04:18.385,2.077,2.07725,3.20,0.80
2008.01.22 15:04:18.608,2.0768,2.0773,3.20,2.50
2008.01.22 15:04:18.841,2.0768,2.0773,3.20,0.60
2008.01.22 15:04:19.075,2.0768,2.07735,3.20,5.10
2008.01.22 15:04:19.308,2.0768,2.0773,3.20,0.90
2008.01.22 15:04:19.639,2.0768,2.07735,3.20,2.70
2008.01.22 15:04:19.912,2.0769,2.07745,2.40,2.20
2008.01.22 15:04:20.187,2.0769,2.0774,3.20,0.60
2008.01.22 15:04:20.462,2.07695,2.0775,0.80,0.70
2008.01.22 15:04:20.765,2.07695,2.0776,0.80,2.80
2008.01.22 15:04:21.069,2.077,2.0776,3.20,0.60
2008.01.22 15:04:21.372,2.0772,2.07765,2.40,3.80
2008.01.22 15:04:21.676,2.0772,2.07775,3.20,4.40
2008.01.22 15:04:21.977,2.0772,2.07775,3.20,1.40
2008.01.22 15:04:22.259,2.0772,2.0778,3.20,2.80
2008.01.22 15:04:22.544,2.0772,2.0778,3.20,0.60
2008.01.22 15:04:22.805,2.0772,2.07785,3.20,4.00
2008.01.22 15:04:23.058,2.0772,2.07785,3.20,4.00
2008.01.22 15:04:23.311,2.0772,2.0778,3.20,0.60
2008.01.22 15:04:23.564,2.0772,2.0778,3.20,0.60
2008.01.22 15:04:23.854,2.0772,2.07785,3.20,4.80
2008.01.22 15:04:24.138,2.0772,2.07775,3.20,0.60
2008.01.22 15:04:24.391,2.0772,2.0778,3.20,0.60
2008.01.22 15:04:24.659,2.0772,2.0778,3.60,0.50
2008.01.22 15:04:24.923,2.0773,2.07785,3.20,3.80
2008.01.22 15:04:25.186,2.0773,2.07785,3.20,3.00
2008.01.22 15:04:25.450,2.07705,2.0778,4.00,0.90
2008.01.22 15:04:25.733,2.07705,2.0778,2.40,1.20
2008.01.22 15:04:26.016,2.0772,2.0778,3.20,1.20
2008.01.22 15:04:26.299,2.0772,2.0778,0.80,1.20
2008.01.22 15:04:26.583,2.077,2.0778,3.20,1.20
2008.01.22 15:04:26.845,2.077,2.0778,3.20,1.20
2008.01.22 15:04:27.113,2.077,2.0778,3.20,1.20
2008.01.22 15:04:27.539,2.07705,2.0778,0.80,1.20
2008.01.22 15:04:27.737,2.077,2.0778,3.20,1.20
2008.01.22 15:04:28.020,2.077,2.0778,3.20,1.20
2008.01.22 15:04:28.220,2.077,2.0776,3.20,0.80
2008.01.22 15:04:28.418,2.077,2.0776,3.20,1.20
2008.01.22 15:04:28.615,2.077,2.0776,3.20,1.20
2008.01.22 15:04:28.875,2.077,2.0775,3.20,0.60
2008.01.22 15:04:29.133,2.077,2.07745,3.20,0.80
2008.01.22 15:04:29.392,2.077,2.07745,3.20,0.80
2008.01.22 15:04:29.650,2.077,2.0776,3.20,1.20
2008.01.22 15:04:29.940,2.077,2.0775,3.20,0.60
2008.01.22 15:04:30.228,2.077,2.0774,0.80,0.60
2008.01.22 15:04:30.517,2.077,2.0774,0.80,0.60
2008.01.22 15:04:30.805,2.077,2.0774,2.40,0.60
2008.01.22 15:04:31.084,2.077,2.07745,3.20,0.60
2008.01.22 15:04:31.362,2.077,2.07745,3.20,0.60
2008.01.22 15:04:31.640,2.077,2.0775,3.20,0.90
2008.01.22 15:04:31.904,2.077,2.0775,0.80,1.70
2008.01.22 15:04:32.168,2.0769,2.07745,3.20,0.60
2008.01.22 15:04:32.926,2.0769,2.07745,3.20,0.60
2008.01.22 15:04:33.157,2.0769,2.07745,3.20,0.60
2008.01.22 15:04:33.352,2.0769,2.0773,0.80,0.80
2008.01.22 15:04:33.545,2.0767,2.0773,7.60,1.20
2008.01.22 15:04:35.952,2.0767,2.0773,7.60,1.20
2008.01.22 15:04:36.162,2.0767,2.0773,6.00,1.20
2008.01.22 15:04:36.246,2.0767,2.0773,6.00,1.20
2008.01.22 15:04:36.319,2.0767,2.0773,7.60,1.20
2008.01.22 15:04:37.228,2.0767,2.0773,7.60,1.20
2008.01.22 15:04:37.560,2.0767,2.0773,6.00,1.20
2008.01.22 15:04:37.894,2.0767,2.0773,7.20,1.20
2008.01.22 15:04:38.232,2.0767,2.0772,0.80,0.80
2008.01.22 15:04:38.436,2.0767,2.0772,0.80,0.80
2008.01.22 15:04:38.662,2.0766,2.0772,4.80,1.20
2008.01.22 15:04:38.844,2.0767,2.0772,1.60,1.20
2008.01.22 15:04:38.961,2.0767,2.0772,0.90,1.20
2008.01.22 15:04:39.047,2.0767,2.0773,0.80,1.20
2008.01.22 15:04:39.302,2.07685,2.0773,0.80,0.60
2008.01.22 15:04:39.573,2.07685,2.0776,0.80,1.70
2008.01.22 15:04:39.826,2.0768,2.0776,1.60,1.20
2008.01.22 15:04:40.080,2.07665,2.0774,9.20,1.20
2008.01.22 15:04:40.398,2.07685,2.0774,0.80,0.60
2008.01.22 15:04:40.717,2.0768,2.07765,2.40,2.40
2008.01.22 15:04:41.051,2.07675,2.0778,6.80,1.20
2008.01.22 15:04:41.370,2.07685,2.0778,6.80,0.60
2008.01.22 15:04:41.614,2.07695,2.0778,0.60,0.60
2008.01.22 15:04:41.857,2.077,2.078,2.40,2.00
2008.01.22 15:04:42.099,2.077,2.078,1.30,2.00
2008.01.22 15:04:42.559,2.077,2.078,1.60,2.00
2008.01.22 15:04:42.888,2.0772,2.078,1.00,0.60
2008.01.22 15:04:43.215,2.0772,2.0779,0.80,1.60
2008.01.22 15:04:43.444,2.0771,2.0776,6.40,0.60
2008.01.22 15:04:43.642,2.0771,2.0776,6.40,0.60
2008.01.22 15:04:43.855,2.0772,2.0777,1.60,1.20
2008.01.22 15:04:44.069,2.07725,2.0777,0.80,1.20
2008.01.22 15:04:44.282,2.0772,2.0777,4.00,0.60
2008.01.22 15:04:44.668,2.0772,2.0777,4.00,0.60
2008.01.22 15:04:44.982,2.07735,2.0779,4.00,0.60
2008.01.22 15:04:45.296,2.0774,2.0779,4.00,0.60
2008.01.22 15:04:45.564,2.07745,2.0779,0.80,0.60
2008.01.22 15:04:45.833,2.07755,2.0779,0.80,0.60
2008.01.22 15:04:46.101,2.07735,2.0779,4.00,0.60
2008.01.22 15:04:46.369,2.07735,2.07815,6.80,1.60
2008.01.22 15:04:46.622,2.07735,2.0782,6.80,1.20
2008.01.22 15:04:46.876,2.0776,2.0782,1.70,1.20
2008.01.22 15:04:47.128,2.07755,2.0782,6.80,1.20
2008.01.22 15:04:47.976,2.0776,2.0782,1.60,1.20
2008.01.22 15:04:48.284,2.0777,2.0782,0.90,0.60
2008.01.22 15:04:48.518,2.0777,2.0782,6.00,0.60
2008.01.22 15:04:48.752,2.07765,2.07825,5.60,0.60
2008.01.22 15:04:48.986,2.0776,2.07825,4.00,0.60
2008.01.22 15:04:49.220,2.0775,2.07815,5.60,0.60
2008.01.22 15:04:49.544,2.0777,2.0783,0.60,1.70
2008.01.22 15:04:49.867,2.0775,2.0783,8.80,1.70
2008.01.22 15:04:50.190,2.0775,2.0783,6.40,1.70
2008.01.22 15:04:50.464,2.07755,2.0783,6.40,1.20
2008.01.22 15:04:51.159,2.0776,2.0783,1.10,1.20
2008.01.22 15:04:51.413,2.07765,2.07835,0.80,0.80
2008.01.22 15:04:51.666,2.07775,2.0784,1.20,1.20
2008.01.22 15:04:51.921,2.0778,2.0784,3.80,0.60
2008.01.22 15:04:52.175,2.0779,2.0784,1.70,0.90
2008.01.22 15:04:52.509,2.0777,2.0784,3.80,1.70
2008.01.22 15:04:52.843,2.0776,2.07825,3.20,0.80
2008.01.22 15:04:53.176,2.0776,2.07825,1.70,0.80
2008.01.22 15:04:53.510,2.07755,2.0783,4.00,1.60
2008.01.22 15:04:53.748,2.0775,2.07835,4.80,2.40
2008.01.22 15:04:53.986,2.0776,2.07825,1.60,0.80
2008.01.22 15:04:55.906,2.07755,2.07825,4.00,0.80
2008.01.22 15:04:56.144,2.078,2.0786,0.80,1.70
2008.01.22 15:04:56.224,2.078,2.0786,0.70,3.30
2008.01.22 15:04:56.301,2.07795,2.0786,5.60,3.30
2008.01.22 15:04:56.380,2.07795,2.0786,5.60,3.30
2008.01.22 15:04:56.460,2.07795,2.0786,5.60,4.10
2008.01.22 15:04:56.994,2.07795,2.0786,5.60,4.10
2008.01.22 15:04:57.328,2.078,2.0785,0.70,1.60
2008.01.22 15:04:57.767,2.07795,2.0785,5.60,1.60
2008.01.22 15:04:58.100,2.07795,2.0786,5.60,4.10
2008.01.22 15:04:58.319,2.07785,2.0785,6.40,0.90
2008.01.22 15:04:58.537,2.078,2.0785,1.10,0.90
2008.01.22 15:04:58.756,2.078,2.07855,3.20,0.90
2008.01.22 15:04:58.975,2.07785,2.07855,7.60,0.90
2008.01.22 15:04:59.288,2.07795,2.0784,6.40,0.60
2008.01.22 15:04:59.602,2.07775,2.0784,8.80,0.60
2008.01.22 15:04:59.917,2.07785,2.07845,4.00,0.60
2008.01.22 15:05:00.230,2.07795,2.07845,4.00,0.60
2008.01.22 15:05:00.505,2.07805,2.0786,0.80,1.60
2008.01.22 15:05:00.780,2.078,2.0786,4.20,2.00
2008.01.22 15:05:01.053,2.0781,2.07865,1.60,0.60
2008.01.22 15:05:01.341,2.0781,2.07875,2.00,0.60
2008.01.22 15:05:02.113,2.07805,2.07875,6.00,0.60
2008.01.22 15:05:02.396,2.07805,2.07875,6.00,0.60
2008.01.22 15:05:02.679,2.07805,2.07875,6.00,0.60
2008.01.22 15:05:02.963,2.07805,2.07875,6.00,0.60
2008.01.22 15:05:03.245,2.07805,2.07875,6.00,0.60
2008.01.22 15:05:03.459,2.0781,2.07875,1.70,0.60
2008.01.22 15:05:03.671,2.07805,2.07875,6.00,0.60
2008.01.22 15:05:03.885,2.07805,2.07875,6.00,0.60
2008.01.22 15:05:04.098,2.07805,2.07875,6.00,0.60
2008.01.22 15:05:04.396,2.0781,2.07875,0.90,0.60
2008.01.22 15:05:04.694,2.07805,2.07875,6.00,0.60
2008.01.22 15:05:04.992,2.07805,2.07875,5.20,0.60
2008.01.22 15:05:05.291,2.0781,2.07875,1.50,0.60
2008.01.22 15:05:05.560,2.0781,2.0787,1.30,2.00
2008.01.22 15:05:05.829,2.0781,2.0787,1.80,2.00
2008.01.22 15:05:06.097,2.07815,2.0788,0.80,0.60
2008.01.22 15:05:06.336,2.0785,2.0789,2.40,0.60
2008.01.22 15:05:06.574,2.0785,2.0789,2.40,0.60
2008.01.22 15:05:06.812,2.0787,2.079,2.40,0.60
2008.01.22 15:05:07.051,2.0787,2.0792,3.20,0.60
2008.01.22 15:05:07.290,2.0787,2.0792,3.20,0.60
2008.01.22 15:05:07.568,2.0787,2.0792,3.20,0.60
2008.01.22 15:05:07.846,2.0788,2.0792,2.40,0.60
2008.01.22 15:05:08.124,2.0788,2.0793,3.20,0.60
2008.01.22 15:05:08.402,2.0788,2.0793,3.20,0.60
2008.01.22 15:05:08.660,2.0788,2.0793,3.20,0.60
2008.01.22 15:05:08.919,2.0788,2.0793,3.20,0.60
2008.01.22 15:05:09.179,2.0788,2.0793,3.20,0.60
2008.01.22 15:05:09.436,2.0788,2.0793,3.20,0.60
2008.01.22 15:05:09.694,2.0788,2.0794,3.20,1.20
2008.01.22 15:05:09.964,2.0788,2.0794,5.20,0.60
2008.01.22 15:05:10.222,2.079,2.0796,2.40,1.20
2008.01.22 15:05:10.535,2.079,2.0796,3.20,1.20
2008.01.22 15:05:10.849,2.079,2.0796,0.80,2.00
2008.01.22 15:05:11.163,2.07895,2.0796,0.60,2.00
2008.01.22 15:05:11.386,2.079,2.0796,2.40,2.00
2008.01.22 15:05:11.610,2.079,2.0796,2.40,2.00
2008.01.22 15:05:11.833,2.0789,2.0795,5.60,1.60
2008.01.22 15:05:12.056,2.0789,2.0795,5.60,2.00
2008.01.22 15:05:12.469,2.0789,2.0795,5.60,2.00
2008.01.22 15:05:12.777,2.0789,2.0795,5.60,2.00
2008.01.22 15:05:13.086,2.0789,2.07945,3.20,0.60
2008.01.22 15:05:13.394,2.0789,2.07945,0.80,0.60
2008.01.22 15:05:13.617,2.079,2.07945,0.80,0.60
2008.01.22 15:05:13.811,2.0788,2.07945,3.20,0.60
2008.01.22 15:05:14.018,2.07875,2.0794,0.60,2.00
2008.01.22 15:05:14.226,2.07875,2.0794,0.60,1.20
2008.01.22 15:05:14.435,2.07875,2.0794,0.60,1.20
2008.01.22 15:05:14.767,2.0788,2.0794,3.20,0.60
2008.01.22 15:05:15.100,2.0788,2.0794,3.20,0.60
2008.01.22 15:05:15.114,2.0788,2.07945,3.20,1.20
2008.01.22 15:05:15.433,2.0788,2.0795,0.80,2.80
2008.01.22 15:05:15.696,2.07875,2.0793,0.80,0.50
2008.01.22 15:05:15.959,2.0787,2.0795,3.20,2.80
2008.01.22 15:05:16.222,2.0787,2.0795,3.20,2.80
2008.01.22 15:05:16.484,2.0787,2.0793,3.20,2.00
2008.01.22 15:05:17.274,2.0787,2.07925,0.80,1.60
2008.01.22 15:05:17.563,2.0786,2.07925,0.60,2.00
2008.01.22 15:05:17.919,2.0786,2.07925,0.60,2.00
2008.01.22 15:05:18.178,2.0785,2.07915,3.20,0.80
2008.01.22 15:05:18.437,2.0785,2.0792,3.20,2.00
2008.01.22 15:05:18.640,2.0784,2.07905,2.40,2.00
2008.01.22 15:05:18.844,2.0783,2.0787,0.60,0.60
2008.01.22 15:05:18.993,2.0783,2.0787,0.60,0.60
2008.01.22 15:05:19.047,2.07835,2.0789,0.60,1.40
2008.01.22 15:05:19.251,2.07855,2.0792,0.60,2.80
2008.01.22 15:05:19.455,2.07855,2.0792,0.60,0.60
2008.01.22 15:05:19.788,2.07865,2.0792,0.60,0.90
2008.01.22 15:05:20.121,2.0787,2.07935,3.20,2.90
2008.01.22 15:05:20.454,2.0786,2.0793,3.20,2.30
2008.01.22 15:05:20.717,2.0786,2.0793,3.20,2.30
2008.01.22 15:05:20.980,2.0786,2.07925,3.20,0.60
2008.01.22 15:05:21.243,2.0786,2.0792,3.20,3.40
2008.01.22 15:05:21.506,2.0786,2.0792,3.20,4.50
2008.01.22 15:05:21.856,2.0786,2.0792,3.20,4.50
2008.01.22 15:05:22.184,2.0786,2.0792,3.20,4.50
2008.01.22 15:05:22.500,2.0784,2.0789,3.60,0.60
2008.01.22 15:05:22.734,2.0784,2.0789,4.80,0.60
2008.01.22 15:05:22.969,2.0784,2.0789,3.20,0.60
2008.01.22 15:05:23.202,2.0784,2.079,4.80,1.40
2008.01.22 15:05:23.436,2.0785,2.0791,3.20,1.80
2008.01.22 15:05:24.626,2.0785,2.0791,3.20,1.80
2008.01.22 15:05:25.292,2.0785,2.079,3.20,0.60
2008.01.22 15:05:26.337,2.0785,2.079,3.20,0.60
2008.01.22 15:05:27.234,2.0785,2.079,3.20,0.60
2008.01.22 15:05:27.466,2.0785,2.079,3.20,0.60
2008.01.22 15:05:27.713,2.0785,2.0791,3.20,1.40
2008.01.22 15:05:27.971,2.0785,2.079,3.20,0.60
2008.01.22 15:05:28.791,2.0785,2.079,0.80,0.60
2008.01.22 15:05:29.050,2.0785,2.07905,0.80,1.40
2008.01.22 15:05:29.543,2.0785,2.07905,0.80,1.40
2008.01.22 15:05:30.250,2.0785,2.0791,0.80,3.00
2008.01.22 15:05:30.504,2.0785,2.0791,0.80,3.40
2008.01.22 15:05:30.792,2.0784,2.0787,2.40,0.60
2008.01.22 15:05:31.096,2.0781,2.0788,4.80,3.40
2008.01.22 15:05:31.400,2.0781,2.0788,3.20,3.40
2008.01.22 15:05:31.793,2.0781,2.0788,3.20,3.40
2008.01.22 15:05:32.306,2.0781,2.0788,3.20,3.40
2008.01.22 15:05:32.642,2.0781,2.07885,3.20,5.60
2008.01.22 15:05:32.852,2.078,2.0787,4.80,1.40
2008.01.22 15:05:33.060,2.078,2.0788,0.80,3.60
2008.01.22 15:05:33.268,2.078,2.07865,0.80,1.30
2008.01.22 15:05:33.476,2.078,2.0786,2.40,0.70
2008.01.22 15:05:33.683,2.078,2.0786,2.40,0.50
2008.01.22 15:05:33.922,2.078,2.07865,0.80,5.20
2008.01.22 15:05:34.634,2.078,2.0786,0.80,1.40
2008.01.22 15:05:35.313,2.078,2.07865,0.80,5.20
2008.01.22 15:05:35.561,2.07785,2.0784,2.40,0.60
2008.01.22 15:05:35.809,2.0782,2.0784,1.60,0.50
2008.01.22 15:05:36.084,2.0782,2.0787,0.80,0.60
2008.01.22 15:05:36.357,2.0782,2.0787,0.80,0.60
2008.01.22 15:05:36.630,2.0782,2.0788,0.80,3.00
2008.01.22 15:05:36.965,2.0783,2.0789,3.20,3.00
2008.01.22 15:05:37.284,2.0783,2.0789,3.20,3.00
2008.01.22 15:05:37.603,2.0783,2.0788,3.20,0.60
2008.01.22 15:05:37.920,2.0783,2.0788,0.80,0.60
2008.01.22 15:05:38.163,2.0783,2.0789,0.80,3.40
2008.01.22 15:05:38.443,2.0783,2.0788,0.80,0.60
2008.01.22 15:05:38.686,2.0783,2.07885,0.80,1.20
2008.01.22 15:05:38.911,2.0783,2.0788,0.80,0.60
2008.01.22 15:05:39.139,2.0782,2.0789,0.80,3.70
2008.01.22 15:05:39.361,2.0782,2.0789,0.80,3.60
2008.01.22 15:05:39.585,2.078,2.0789,2.40,0.60
2008.01.22 15:05:39.810,2.07825,2.07895,2.40,0.90
2008.01.22 15:05:40.144,2.0783,2.079,2.40,3.00
2008.01.22 15:05:40.494,2.0785,2.07905,0.80,0.60
2008.01.22 15:05:40.845,2.0785,2.0791,0.80,3.90
2008.01.22 15:05:41.083,2.07835,2.0788,2.40,0.60
2008.01.22 15:05:41.322,2.07835,2.0788,2.40,0.60
2008.01.22 15:05:41.561,2.07835,2.0789,2.40,3.00
2008.01.22 15:05:41.799,2.0783,2.0788,4.80,0.60
2008.01.22 15:05:42.648,2.0783,2.0789,4.80,3.00
2008.01.22 15:05:44.670,2.0783,2.0788,4.80,0.60
2008.01.22 15:05:46.393,2.0783,2.0788,4.80,0.60
2008.01.22 15:05:46.548,2.0783,2.0788,4.80,0.60
2008.01.22 15:05:46.682,2.07835,2.0788,0.60,0.60
2008.01.22 15:05:46.817,2.0785,2.0788,2.40,0.60
2008.01.22 15:05:47.124,2.0786,2.0791,0.80,0.90
2008.01.22 15:05:47.432,2.0786,2.0791,0.80,0.90
2008.01.22 15:05:47.741,2.0786,2.0791,0.80,0.90
2008.01.22 15:05:48.531,2.0786,2.0791,0.80,0.90
2008.01.22 15:05:48.739,2.0786,2.07905,0.80,0.60
2008.01.22 15:05:48.875,2.0786,2.07905,0.80,0.60
2008.01.22 15:05:49.104,2.0786,2.07905,0.80,0.60
2008.01.22 15:05:49.660,2.0786,2.07905,0.80,0.60
2008.01.22 15:05:51.402,2.0786,2.07905,0.80,0.60
2008.01.22 15:05:52.469,2.0786,2.07905,0.80,0.60
2008.01.22 15:05:52.848,2.0786,2.07905,0.80,0.60
2008.01.22 15:05:53.086,2.0785,2.079,0.80,0.60
2008.01.22 15:05:53.301,2.0785,2.079,0.80,0.60
2008.01.22 15:05:53.513,2.0785,2.079,0.80,0.60
2008.01.22 15:05:53.800,2.0785,2.079,0.80,0.60
2008.01.22 15:05:54.027,2.0785,2.079,0.80,0.60
2008.01.22 15:05:54.075,2.07845,2.079,1.60,0.60
2008.01.22 15:05:54.342,2.07845,2.079,1.60,0.90
2008.01.22 15:05:54.571,2.0784,2.079,5.60,0.90
2008.01.22 15:05:54.799,2.0784,2.079,5.60,0.90
2008.01.22 15:05:55.027,2.0785,2.079,0.80,0.90
2008.01.22 15:05:55.256,2.0784,2.079,5.60,0.90
2008.01.22 15:05:55.564,2.0784,2.079,4.00,0.90
2008.01.22 15:05:55.889,2.0785,2.079,0.80,0.60
2008.01.22 15:05:56.196,2.0785,2.079,0.80,0.60
2008.01.22 15:05:56.425,2.07845,2.079,5.60,0.60
2008.01.22 15:05:56.654,2.07845,2.079,8.80,0.60
2008.01.22 15:05:56.883,2.0785,2.0791,4.00,0.60
2008.01.22 15:05:57.110,2.0786,2.07915,0.80,0.60
2008.01.22 15:05:57.438,2.07855,2.07915,3.20,0.60
2008.01.22 15:05:58.287,2.07855,2.07915,3.20,0.60
2008.01.22 15:05:58.491,2.07855,2.07915,3.20,0.60
2008.01.22 15:05:58.805,2.07855,2.07915,3.20,0.60
2008.01.22 15:05:59.682,2.07855,2.07915,3.20,0.60
2008.01.22 15:06:00.058,2.0786,2.07915,0.80,0.60
2008.01.22 15:06:01.422,2.07855,2.07915,3.20,0.60
2008.01.22 15:06:01.688,2.0786,2.0792,0.80,2.80
2008.01.22 15:06:01.888,2.0786,2.0792,5.60,0.60
2008.01.22 15:06:02.086,2.07865,2.07935,1.60,0.90
2008.01.22 15:06:02.285,2.0787,2.07935,1.60,0.90
2008.01.22 15:06:02.618,2.0788,2.07935,0.80,0.60
2008.01.22 15:06:02.953,2.0787,2.07925,3.20,0.60
2008.01.22 15:06:03.287,2.07865,2.07925,1.60,0.60
2008.01.22 15:06:03.588,2.07865,2.07925,1.60,0.60
2008.01.22 15:06:03.778,2.07865,2.07925,2.40,0.60
2008.01.22 15:06:04.109,2.0788,2.07935,0.60,0.60
2008.01.22 15:06:04.297,2.07885,2.07935,1.30,0.60
2008.01.22 15:06:04.540,2.07885,2.07935,2.10,0.60
2008.01.22 15:06:04.768,2.0788,2.07935,2.20,0.60
2008.01.22 15:06:04.996,2.07895,2.0795,0.80,2.80
2008.01.22 15:06:05.224,2.07895,2.07945,0.80,0.60
2008.01.22 15:06:05.452,2.07895,2.07945,0.80,0.60
2008.01.22 15:06:05.760,2.0789,2.0795,2.40,2.80
2008.01.22 15:06:06.068,2.07895,2.0795,0.80,2.80
2008.01.22 15:06:06.392,2.0789,2.0795,1.10,2.80
2008.01.22 15:06:06.618,2.0789,2.07945,0.60,0.60
2008.01.22 15:06:06.840,2.07885,2.07945,0.80,0.60
2008.01.22 15:06:07.079,2.07885,2.07945,0.80,0.60
2008.01.22 15:06:07.303,2.0788,2.07945,4.00,0.60
2008.01.22 15:06:07.722,2.0788,2.0795,4.00,2.80
2008.01.22 15:06:08.036,2.0788,2.07955,4.00,0.60
2008.01.22 15:06:08.349,2.07875,2.07965,8.80,0.80
2008.01.22 15:06:08.583,2.07875,2.07965,10.40,0.80
2008.01.22 15:06:08.787,2.0788,2.07965,4.00,0.80
2008.01.22 15:06:09.005,2.0792,2.0797,0.80,0.90
2008.01.22 15:06:09.224,2.07895,2.0797,3.20,0.90
2008.01.22 15:06:09.455,2.07905,2.0797,4.00,0.90
2008.01.22 15:06:09.799,2.07905,2.07965,4.00,0.60
2008.01.22 15:06:10.128,2.0792,2.07965,1.20,1.20
2008.01.22 15:06:10.456,2.0791,2.07955,1.00,0.60
2008.01.22 15:06:10.730,2.079,2.07955,2.40,0.60
2008.01.22 15:06:11.003,2.079,2.07955,2.40,0.60
2008.01.22 15:06:11.276,2.0791,2.07955,1.00,0.60
2008.01.22 15:06:11.549,2.0791,2.0796,1.60,0.60
2008.01.22 15:06:11.804,2.0793,2.07965,0.80,0.60
2008.01.22 15:06:12.058,2.0792,2.07965,0.70,0.60
2008.01.22 15:06:12.326,2.0792,2.0797,0.90,0.60
2008.01.22 15:06:12.565,2.0791,2.0797,1.00,2.80
2008.01.22 15:06:12.854,2.0791,2.0796,4.00,0.60
2008.01.22 15:06:13.143,2.079,2.0796,2.40,0.60
2008.01.22 15:06:13.432,2.0791,2.0796,0.80,0.60
2008.01.22 15:06:13.680,2.079,2.0796,4.00,0.60
2008.01.22 15:06:14.188,2.079,2.0796,4.00,0.60
2008.01.22 15:06:14.437,2.079,2.07965,4.00,4.20
2008.01.22 15:06:14.695,2.079,2.07955,4.00,0.60
2008.01.22 15:06:14.954,2.079,2.0795,0.80,2.40
2008.01.22 15:06:15.212,2.0789,2.0795,4.00,2.80
2008.01.22 15:06:15.470,2.0789,2.0795,4.40,2.80
2008.01.22 15:06:15.749,2.07905,2.0795,0.80,2.80
2008.01.22 15:06:16.029,2.07905,2.0795,0.80,2.80
2008.01.22 15:06:16.305,2.0789,2.0795,0.70,2.80
2008.01.22 15:06:16.643,2.07885,2.07935,4.00,0.60
2008.01.22 15:06:16.871,2.0788,2.07935,0.80,1.00
2008.01.22 15:06:17.099,2.07865,2.07935,4.00,1.80
2008.01.22 15:06:17.327,2.07865,2.07935,4.00,1.80
2008.01.22 15:06:18.421,2.0788,2.07935,0.60,1.80
2008.01.22 15:06:19.445,2.07865,2.07935,4.00,1.00
2008.01.22 15:06:19.616,2.07865,2.07935,4.00,1.00
2008.01.22 15:06:19.876,2.0788,2.07945,0.60,0.60
2008.01.22 15:06:20.134,2.0788,2.07945,0.70,0.60
2008.01.22 15:06:20.591,2.0788,2.0795,0.90,2.80
2008.01.22 15:06:20.860,2.0789,2.0795,0.50,2.80
2008.01.22 15:06:21.426,2.07885,2.0795,4.00,2.80
2008.01.22 15:06:23.597,2.0789,2.07945,1.60,0.60
2008.01.22 15:06:23.824,2.0789,2.07945,0.80,0.60
2008.01.22 15:06:24.031,2.0788,2.07945,3.20,0.60
2008.01.22 15:06:24.709,2.0788,2.07945,3.20,0.60
2008.01.22 15:06:24.959,2.0788,2.0795,3.60,2.80
2008.01.22 15:06:25.181,2.0788,2.0795,3.60,2.80
2008.01.22 15:06:25.405,2.0789,2.0795,0.80,2.80
2008.01.22 15:06:25.627,2.0789,2.0795,1.60,2.80
2008.01.22 15:06:25.936,2.0789,2.07945,0.80,0.60
2008.01.22 15:06:26.245,2.0788,2.07945,3.20,0.60
2008.01.22 15:06:26.554,2.07885,2.07945,0.80,0.60
2008.01.22 15:06:26.870,2.07885,2.07945,0.80,0.60
2008.01.22 15:06:27.118,2.07885,2.07945,0.80,0.60
2008.01.22 15:06:27.366,2.07885,2.0795,0.80,3.30
2008.01.22 15:06:27.628,2.0788,2.0795,2.40,3.30
2008.01.22 15:06:29.629,2.07885,2.0795,0.60,2.80
2008.01.22 15:06:29.795,2.07885,2.0795,2.80,2.80
2008.01.22 15:06:29.948,2.0789,2.0795,0.80,2.80
2008.01.22 15:06:30.101,2.0789,2.0795,0.80,2.80
2008.01.22 15:06:30.253,2.0789,2.0795,0.80,2.80
2008.01.22 15:06:30.407,2.0789,2.0795,0.80,2.80
2008.01.22 15:06:30.561,2.0789,2.07945,0.80,0.60
2008.01.22 15:06:30.721,2.0789,2.07935,0.80,0.60
2008.01.22 15:06:30.875,2.0789,2.0794,0.80,0.60
2008.01.22 15:06:31.209,2.0789,2.0794,0.80,0.90
2008.01.22 15:06:31.542,2.0789,2.07935,0.80,0.60
2008.01.22 15:06:31.878,2.0789,2.07935,0.80,0.60
2008.01.22 15:06:32.746,2.0789,2.07935,0.80,0.60
2008.01.22 15:06:32.985,2.0789,2.0794,0.80,0.90
2008.01.22 15:06:33.203,2.0789,2.0794,0.80,0.90
2008.01.22 15:06:33.457,2.0789,2.0794,0.80,0.90
2008.01.22 15:06:33.674,2.0789,2.07935,0.80,0.60
2008.01.22 15:06:33.892,2.0789,2.07935,0.80,0.60
2008.01.22 15:06:34.292,2.0789,2.0794,0.80,0.90
2008.01.22 15:06:34.559,2.0789,2.07935,0.80,0.60
2008.01.22 15:06:34.828,2.0789,2.0794,0.80,0.90
2008.01.22 15:06:35.097,2.0789,2.0794,0.80,0.90
2008.01.22 15:06:35.170,2.0788,2.0794,3.20,0.90
2008.01.22 15:06:35.365,2.0789,2.0794,0.80,0.90
2008.01.22 15:06:35.634,2.0789,2.07935,0.80,0.60
2008.01.22 15:06:36.174,2.0788,2.07935,3.20,0.60
2008.01.22 15:06:36.371,2.0788,2.07935,3.20,0.60
2008.01.22 15:06:36.570,2.07885,2.0794,3.20,0.60
2008.01.22 15:06:36.826,2.0789,2.0794,0.80,0.60
2008.01.22 15:06:37.024,2.07885,2.0794,3.20,0.60
2008.01.22 15:06:37.297,2.07885,2.0794,3.20,0.60
2008.01.22 15:06:37.571,2.07885,2.0794,5.60,0.60
2008.01.22 15:06:38.450,2.07885,2.0794,5.60,0.60
2008.01.22 15:06:38.607,2.079,2.07945,0.80,0.50
2008.01.22 15:06:38.766,2.079,2.0795,0.80,0.80
2008.01.22 15:06:38.929,2.07895,2.0795,5.60,0.60
2008.01.22 15:06:39.088,2.0789,2.07945,3.20,0.60
2008.01.22 15:06:39.422,2.0789,2.07945,3.20,0.60
2008.01.22 15:06:39.756,2.0789,2.07945,0.80,0.60
2008.01.22 15:06:40.089,2.0788,2.07945,4.00,0.60
2008.01.22 15:06:40.324,2.0789,2.0794,0.80,0.60
2008.01.22 15:06:40.558,2.0789,2.0794,0.80,0.60
2008.01.22 15:06:40.792,2.0789,2.0794,0.80,0.90
2008.01.22 15:06:41.153,2.0789,2.0794,0.80,0.90
2008.01.22 15:06:41.377,2.0788,2.07935,4.80,0.60
2008.01.22 15:06:41.972,2.0788,2.0793,4.80,0.60
2008.01.22 15:06:44.023,2.0789,2.0793,0.80,0.60
2008.01.22 15:06:44.167,2.0789,2.0793,0.80,0.60
2008.01.22 15:06:44.406,2.0788,2.0793,4.80,0.60
2008.01.22 15:06:44.644,2.0788,2.0793,4.80,0.60
2008.01.22 15:06:44.882,2.0789,2.0793,0.80,0.60
2008.01.22 15:06:45.121,2.0788,2.0793,4.80,0.60
2008.01.22 15:06:45.359,2.0789,2.0793,0.80,0.60
2008.01.22 15:06:45.648,2.07885,2.07935,3.20,0.60
2008.01.22 15:06:45.936,2.07885,2.0794,3.20,0.60
2008.01.22 15:06:46.224,2.0789,2.0794,0.80,0.60
2008.01.22 15:06:46.413,2.07885,2.0794,3.20,0.60
2008.01.22 15:06:46.655,2.0789,2.0794,0.80,0.60
2008.01.22 15:06:46.828,2.07885,2.0794,3.20,0.60
2008.01.22 15:06:47.096,2.07885,2.0794,3.20,0.60
2008.01.22 15:06:47.269,2.07885,2.0794,3.20,0.60
2008.01.22 15:06:47.589,2.07885,2.0794,3.20,0.60
2008.01.22 15:06:47.828,2.0789,2.0794,0.80,0.90
2008.01.22 15:06:48.328,2.0789,2.0794,0.80,0.90
2008.01.22 15:06:48.497,2.07885,2.0794,3.20,0.60
2008.01.22 15:06:48.835,2.07885,2.0794,3.20,2.80
2008.01.22 15:06:49.012,2.07885,2.07935,3.20,0.60
2008.01.22 15:06:49.180,2.07885,2.0793,1.60,0.60
2008.01.22 15:06:49.350,2.0789,2.07935,0.80,0.60
2008.01.22 15:06:49.678,2.0789,2.0794,0.80,0.60
2008.01.22 15:06:50.021,2.079,2.0795,3.20,0.60
2008.01.22 15:06:50.365,2.0791,2.07955,1.20,0.60
2008.01.22 15:06:50.633,2.07905,2.07955,5.60,0.60
2008.01.22 15:06:50.891,2.0791,2.07955,0.80,0.60
2008.01.22 15:06:51.216,2.079,2.07955,4.00,0.60
2008.01.22 15:06:51.477,2.0791,2.0796,0.60,0.60
2008.01.22 15:06:51.741,2.0791,2.07965,0.80,0.60
2008.01.22 15:06:52.005,2.07905,2.07965,5.60,0.60
2008.01.22 15:06:52.269,2.0791,2.07965,0.90,0.60
2008.01.22 15:06:52.668,2.0791,2.0797,1.10,3.30
2008.01.22 15:06:53.081,2.07905,2.0797,6.00,2.80
2008.01.22 15:06:53.360,2.0793,2.0798,0.80,0.90
2008.01.22 15:06:53.640,2.0793,2.0798,0.80,0.60
2008.01.22 15:06:53.878,2.0794,2.0799,0.80,0.60
2008.01.22 15:06:54.117,2.0793,2.0798,4.00,0.60
2008.01.22 15:06:54.356,2.0794,2.0799,0.80,0.60
2008.01.22 15:06:54.595,2.0794,2.0799,0.80,0.60
2008.01.22 15:06:54.848,2.0794,2.08,4.00,0.90
2008.01.22 15:06:55.102,2.0794,2.08,4.00,0.90
2008.01.22 15:06:55.608,2.0794,2.08,5.60,0.90
2008.01.22 15:06:55.892,2.0795,2.0801,4.00,2.00
2008.01.22 15:06:56.175,2.0795,2.0802,4.00,3.30
2008.01.22 15:06:56.460,2.0796,2.0802,4.00,0.60
2008.01.22 15:06:56.743,2.0798,2.08025,0.80,0.60
2008.01.22 15:06:57.045,2.07965,2.08025,4.80,0.60
2008.01.22 15:06:57.430,2.0798,2.0802,1.10,0.60
2008.01.22 15:06:57.736,2.0797,2.0802,1.60,0.60
2008.01.22 15:06:57.963,2.0798,2.08035,0.70,0.60
2008.01.22 15:06:58.191,2.07975,2.08035,4.80,0.60
2008.01.22 15:06:58.421,2.07975,2.0804,4.80,2.50
2008.01.22 15:06:58.649,2.0798,2.0804,2.40,2.00
2008.01.22 15:06:58.986,2.0798,2.0804,2.40,0.60
2008.01.22 15:06:59.294,2.0799,2.0804,0.70,0.60
2008.01.22 15:06:59.766,2.0798,2.0804,2.40,0.60
2008.01.22 15:06:59.998,2.0799,2.0804,1.20,0.60
2008.01.22 15:07:00.232,2.0799,2.0803,0.80,0.60
2008.01.22 15:07:00.465,2.0797,2.08025,2.40,0.80
2008.01.22 15:07:00.698,2.0797,2.0803,2.40,0.90
2008.01.22 15:07:01.133,2.0798,2.0803,1.20,0.90
2008.01.22 15:07:01.521,2.0797,2.0803,2.40,0.90
2008.01.22 15:07:03.664,2.0798,2.0803,1.60,0.60
2008.01.22 15:07:03.879,2.08,2.0803,0.80,0.60
2008.01.22 15:07:04.092,2.08,2.0805,1.60,0.90
2008.01.22 15:07:04.440,2.08,2.0805,1.60,0.90
2008.01.22 15:07:04.736,2.08,2.0805,1.60,0.90
2008.01.22 15:07:04.979,2.08,2.0805,1.60,0.90
2008.01.22 15:07:05.222,2.08,2.0805,1.60,0.90
2008.01.22 15:07:05.466,2.08,2.0805,1.60,0.90
2008.01.22 15:07:05.709,2.08,2.0805,1.60,0.90
2008.01.22 15:07:05.998,2.08,2.08035,1.60,0.80
2008.01.22 15:07:06.287,2.08,2.0805,1.60,0.60
2008.01.22 15:07:06.576,2.0802,2.0806,1.60,1.60
2008.01.22 15:07:06.873,2.0802,2.0805,0.80,0.60
2008.01.22 15:07:07.168,2.08,2.08045,1.60,0.60
2008.01.22 15:07:07.462,2.08,2.08045,1.60,0.60
2008.01.22 15:07:07.754,2.08,2.08045,1.60,0.60
2008.01.22 15:07:07.993,2.08,2.0805,1.60,2.50
2008.01.22 15:07:08.230,2.08,2.0805,1.60,2.50
2008.01.22 15:07:08.469,2.08,2.0805,1.60,0.90
2008.01.22 15:07:08.708,2.08,2.0805,1.60,0.90
2008.01.22 15:07:08.945,2.08,2.0805,1.60,0.90
2008.01.22 15:07:09.253,2.08,2.0805,1.60,0.90
2008.01.22 15:07:09.561,2.08,2.08045,1.60,0.60
2008.01.22 15:07:09.871,2.0802,2.0806,1.60,1.60
2008.01.22 15:07:10.090,2.0802,2.0807,1.60,0.90
2008.01.22 15:07:10.309,2.0802,2.0807,1.60,0.90
2008.01.22 15:07:10.753,2.0802,2.0807,1.60,0.90
2008.01.22 15:07:10.972,2.0802,2.0807,1.60,0.90
2008.01.22 15:07:11.291,2.0804,2.0807,0.80,0.60
2008.01.22 15:07:11.609,2.0804,2.0807,0.80,0.60
2008.01.22 15:07:11.927,2.0804,2.0809,1.60,2.50
2008.01.22 15:07:12.175,2.0804,2.0809,1.60,2.50
2008.01.22 15:07:12.415,2.0804,2.0809,1.60,0.90
2008.01.22 15:07:13.270,2.0804,2.0809,1.10,0.90
2008.01.22 15:07:14.132,2.0803,2.0809,2.40,0.90
2008.01.22 15:07:14.392,2.0803,2.0809,2.40,0.90
2008.01.22 15:07:14.611,2.0803,2.0809,2.40,0.90
2008.01.22 15:07:14.897,2.0803,2.0809,2.40,0.90
2008.01.22 15:07:15.471,2.0803,2.0809,2.40,0.90
2008.01.22 15:07:15.800,2.0804,2.0809,3.20,0.90
2008.01.22 15:07:16.128,2.0803,2.0809,4.00,0.60
2008.01.22 15:07:16.332,2.0805,2.0809,1.00,0.60
2008.01.22 15:07:16.939,2.0803,2.0809,4.00,0.60
2008.01.22 15:07:17.144,2.0803,2.0809,4.00,0.60
2008.01.22 15:07:17.468,2.0805,2.0809,1.40,0.60
2008.01.22 15:07:17.792,2.0806,2.081,1.50,0.60
2008.01.22 15:07:18.115,2.08045,2.0811,5.60,0.90
2008.01.22 15:07:18.324,2.0806,2.0811,0.60,0.90
2008.01.22 15:07:18.531,2.08045,2.0811,5.60,0.90
2008.01.22 15:07:18.741,2.08045,2.0811,6.00,0.60
2008.01.22 15:07:18.950,2.08045,2.0811,6.00,0.60
2008.01.22 15:07:19.159,2.08055,2.0812,3.80,0.60
2008.01.22 15:07:19.472,2.08065,2.0812,4.80,0.60
2008.01.22 15:07:19.795,2.08075,2.0813,5.60,0.90
2008.01.22 15:07:20.110,2.081,2.08145,0.80,0.60
2008.01.22 15:07:20.358,2.08075,2.0814,8.00,0.60
2008.01.22 15:07:20.609,2.0808,2.0814,1.60,0.60
2008.01.22 15:07:20.876,2.08085,2.0815,5.60,0.60
2008.01.22 15:07:21.123,2.081,2.0815,1.60,0.60
2008.01.22 15:07:21.540,2.0809,2.0815,4.00,0.60
2008.01.22 15:07:21.789,2.0809,2.0814,0.80,0.60
2008.01.22 15:07:22.038,2.08085,2.0814,2.40,0.60
2008.01.22 15:07:22.287,2.081,2.0814,1.20,0.60
2008.01.22 15:07:22.610,2.0809,2.0814,3.20,0.60
2008.01.22 15:07:22.934,2.081,2.0815,0.90,0.60
2008.01.22 15:07:23.257,2.0809,2.08145,1.60,0.60
2008.01.22 15:07:23.461,2.0808,2.0814,4.90,0.60
2008.01.22 15:07:23.664,2.0808,2.0814,1.20,0.60
2008.01.22 15:07:23.868,2.08075,2.08135,5.60,0.60
2008.01.22 15:07:24.073,2.0808,2.0813,0.90,0.60
2008.01.22 15:07:24.275,2.0807,2.0813,4.00,0.60
2008.01.22 15:07:24.584,2.0807,2.0814,3.80,0.60
2008.01.22 15:07:24.892,2.08085,2.0814,4.80,0.60
2008.01.22 15:07:25.201,2.08085,2.0815,5.60,0.60
2008.01.22 15:07:25.474,2.081,2.0815,1.60,0.60
2008.01.22 15:07:25.987,2.081,2.0815,0.80,0.90
2008.01.22 15:07:26.261,2.081,2.0815,0.90,0.90
2008.01.22 15:07:26.524,2.0808,2.0815,3.80,0.60
2008.01.22 15:07:26.803,2.081,2.0815,0.70,0.60
2008.01.22 15:07:27.066,2.08085,2.0815,5.60,0.60
2008.01.22 15:07:27.430,2.08085,2.0815,5.60,0.90
2008.01.22 15:07:27.748,2.081,2.0815,0.70,0.90
2008.01.22 15:07:28.066,2.081,2.08145,1.40,0.60
2008.01.22 15:07:28.385,2.08075,2.08145,5.60,0.60
2008.01.22 15:07:28.643,2.081,2.08145,0.80,0.60
2008.01.22 15:07:28.896,2.081,2.08145,1.60,0.60
2008.01.22 15:07:29.149,2.08085,2.08145,5.60,0.60
2008.01.22 15:07:29.402,2.08085,2.08155,5.60,0.60
2008.01.22 15:07:29.680,2.081,2.0816,1.90,0.60
2008.01.22 15:07:29.958,2.08095,2.0817,6.00,0.90
2008.01.22 15:07:30.236,2.08095,2.0817,6.00,0.90
2008.01.22 15:07:30.516,2.08095,2.0817,6.00,0.90
2008.01.22 15:07:30.824,2.08095,2.0817,6.00,2.50
2008.01.22 15:07:31.192,2.08095,2.0817,6.00,0.90
2008.01.22 15:07:31.500,2.08105,2.0817,5.60,0.90
2008.01.22 15:07:31.760,2.08095,2.0817,6.00,0.90
2008.01.22 15:07:32.463,2.08095,2.0817,6.00,0.90
2008.01.22 15:07:32.707,2.0812,2.0816,3.20,0.60
2008.01.22 15:07:32.950,2.08095,2.08155,5.60,0.60
2008.01.22 15:07:33.194,2.08095,2.08145,5.60,0.60
2008.01.22 15:07:33.438,2.08085,2.08145,5.60,0.60
2008.01.22 15:07:33.716,2.081,2.08145,1.00,0.60
2008.01.22 15:07:34.084,2.08085,2.08145,5.60,0.60
2008.01.22 15:07:34.362,2.081,2.08145,1.40,0.60
2008.01.22 15:07:34.595,2.08085,2.08145,6.40,0.60
2008.01.22 15:07:34.830,2.08095,2.0815,6.40,0.60
2008.01.22 15:07:35.066,2.0813,2.0816,1.70,1.60
2008.01.22 15:07:35.299,2.08105,2.0817,4.00,0.60
2008.01.22 15:07:35.533,2.0813,2.0817,1.20,0.60
2008.01.22 15:07:35.833,2.0811,2.0816,3.20,0.60
2008.01.22 15:07:36.131,2.0811,2.0816,2.00,0.60
2008.01.22 15:07:36.429,2.0811,2.0816,2.00,0.60
2008.01.22 15:07:36.673,2.0811,2.08165,1.70,0.90
2008.01.22 15:07:36.916,2.08105,2.08165,5.60,0.60
2008.01.22 15:07:37.159,2.0811,2.0817,1.70,0.90
2008.01.22 15:07:37.403,2.08105,2.0817,6.40,0.90
2008.01.22 15:07:37.686,2.0811,2.0817,3.20,0.60
2008.01.22 15:07:37.980,2.08115,2.0818,5.60,2.50
2008.01.22 15:07:38.538,2.08115,2.0818,5.60,2.50
2008.01.22 15:07:38.727,2.08115,2.0817,5.60,0.60
2008.01.22 15:07:38.914,2.08105,2.0817,8.00,0.90
2008.01.22 15:07:39.102,2.0812,2.0817,0.80,0.90
2008.01.22 15:07:39.291,2.08105,2.0817,5.60,2.50
2008.01.22 15:07:39.531,2.0812,2.08165,1.10,0.80
2008.01.22 15:07:39.815,2.0813,2.08165,0.80,0.80
2008.01.22 15:07:40.098,2.0813,2.08175,1.80,0.80
2008.01.22 15:07:40.381,2.0811,2.08175,5.60,1.20
2008.01.22 15:07:40.665,2.0814,2.08185,0.80,0.60
2008.01.22 15:07:40.983,2.0811,2.08175,3.20,0.60
2008.01.22 15:07:41.302,2.08105,2.0817,5.60,0.60
2008.01.22 15:07:41.620,2.0811,2.0817,3.20,0.60
2008.01.22 15:07:41.868,2.0813,2.0818,0.80,4.40
2008.01.22 15:07:42.117,2.0813,2.0818,3.20,0.60
2008.01.22 15:07:42.836,2.0813,2.0818,3.20,0.60
2008.01.22 15:07:43.155,2.0813,2.0818,3.20,0.60
2008.01.22 15:07:43.473,2.0813,2.08185,3.20,0.80
2008.01.22 15:07:43.712,2.0813,2.08165,3.20,0.60
2008.01.22 15:07:43.949,2.0813,2.08165,3.20,1.20
2008.01.22 15:07:44.188,2.0813,2.08155,3.20,0.60
2008.01.22 15:07:44.426,2.0811,2.08155,3.20,0.60
2008.01.22 15:07:44.664,2.0811,2.08165,3.20,1.20
2008.01.22 15:07:44.958,2.0813,2.08165,3.20,1.20
2008.01.22 15:07:45.251,2.0813,2.08165,3.20,1.20
2008.01.22 15:07:45.705,2.0813,2.0816,0.80,1.60
2008.01.22 15:07:45.983,2.0811,2.08145,3.20,0.60
2008.01.22 15:07:46.261,2.0811,2.08145,3.20,0.60
2008.01.22 15:07:46.598,2.0811,2.08145,3.20,0.60
2008.01.22 15:07:47.416,2.0811,2.08145,3.20,0.60
2008.01.22 15:07:48.094,2.0811,2.08125,3.20,0.60
2008.01.22 15:07:48.383,2.0811,2.08125,0.80,0.60
2008.01.22 15:07:48.672,2.0809,2.08135,3.20,1.20
2008.01.22 15:07:48.890,2.0809,2.08135,3.20,1.20
2008.01.22 15:07:49.149,2.0809,2.08135,3.20,1.20
2008.01.22 15:07:49.448,2.0809,2.08135,3.20,0.80
2008.01.22 15:07:49.667,2.0809,2.0814,0.80,0.90
2008.01.22 15:07:49.946,2.0808,2.0814,3.20,0.90
2008.01.22 15:07:50.224,2.0808,2.0814,3.20,0.90
2008.01.22 15:07:50.503,2.0808,2.0814,3.20,0.90
2008.01.22 15:07:50.782,2.081,2.0814,2.40,0.90
2008.01.22 15:07:51.066,2.081,2.08145,3.20,2.80
2008.01.22 15:07:51.356,2.0809,2.08135,3.20,2.80
2008.01.22 15:07:51.614,2.0809,2.08135,3.20,2.80
2008.01.22 15:07:51.922,2.0809,2.0813,0.80,0.60
2008.01.22 15:07:52.231,2.0807,2.0813,3.20,0.90
2008.01.22 15:07:52.538,2.0807,2.0813,3.20,0.90
2008.01.22 15:07:52.847,2.0807,2.0813,3.20,0.90
2008.01.22 15:07:54.634,2.0807,2.0811,3.20,0.60
2008.01.22 15:07:54.831,2.0807,2.0811,3.20,0.60
2008.01.22 15:07:55.075,2.0807,2.0811,3.20,0.60
2008.01.22 15:07:55.319,2.0807,2.0811,0.80,0.60
2008.01.22 15:07:55.563,2.0806,2.0811,3.20,0.90
2008.01.22 15:07:56.063,2.0806,2.0811,3.20,0.90
2008.01.22 15:07:56.396,2.0806,2.0811,3.20,0.90
2008.01.22 15:07:56.731,2.0806,2.081,0.80,0.60
2008.01.22 15:07:57.065,2.0805,2.081,3.20,0.90
2008.01.22 15:07:57.304,2.0805,2.081,3.20,0.90
2008.01.22 15:07:57.542,2.0805,2.081,3.20,0.90
2008.01.22 15:07:57.780,2.0805,2.081,3.20,0.90
2008.01.22 15:07:58.079,2.0805,2.08095,0.80,0.60
2008.01.22 15:07:58.377,2.0804,2.0809,3.20,0.60
2008.01.22 15:07:58.759,2.0804,2.0809,3.20,0.60
2008.01.22 15:07:59.150,2.0804,2.0809,3.20,0.60
2008.01.22 15:07:59.389,2.0804,2.0809,3.20,0.60
2008.01.22 15:07:59.696,2.0804,2.0809,3.20,0.60
2008.01.22 15:08:00.035,2.0804,2.0809,3.20,0.60
2008.01.22 15:08:00.268,2.0805,2.081,3.20,0.90
2008.01.22 15:08:00.501,2.0805,2.081,3.20,0.90
2008.01.22 15:08:00.734,2.0805,2.081,3.20,0.90
2008.01.22 15:08:01.077,2.0805,2.081,3.20,0.60
2008.01.22 15:08:01.411,2.0805,2.081,3.20,0.60
2008.01.22 15:08:01.745,2.0805,2.081,3.20,0.60
2008.01.22 15:08:02.079,2.0805,2.081,3.20,0.60
2008.01.22 15:08:02.328,2.0806,2.0811,3.20,0.90
2008.01.22 15:08:02.577,2.0806,2.08105,3.20,0.60
2008.01.22 15:08:02.825,2.0805,2.081,3.20,0.60
2008.01.22 15:08:03.073,2.0805,2.081,3.20,0.90
2008.01.22 15:08:03.326,2.0805,2.081,3.20,0.90
2008.01.22 15:08:03.382,2.0804,2.081,5.60,0.90
2008.01.22 15:08:03.594,2.0805,2.081,1.40,0.90
2008.01.22 15:08:03.847,2.08035,2.081,8.80,0.90
2008.01.22 15:08:04.141,2.0805,2.081,0.60,0.90
2008.01.22 15:08:04.409,2.0805,2.081,3.20,0.90
2008.01.22 15:08:04.687,2.0806,2.08105,3.20,0.90
2008.01.22 15:08:04.956,2.0806,2.08105,3.20,0.90
2008.01.22 15:08:05.220,2.0806,2.081,2.40,0.90
2008.01.22 15:08:05.484,2.0805,2.081,3.20,0.90
2008.01.22 15:08:06.050,2.0806,2.081,2.40,0.90
2008.01.22 15:08:06.319,2.0806,2.0811,3.20,0.60
2008.01.22 15:08:06.588,2.0806,2.08115,3.20,0.60
2008.01.22 15:08:06.872,2.0808,2.0812,2.40,0.60
2008.01.22 15:08:07.139,2.0808,2.08125,3.20,0.60
2008.01.22 15:08:07.721,2.0808,2.08125,3.20,0.60
2008.01.22 15:08:07.994,2.0808,2.08125,3.20,0.60
2008.01.22 15:08:08.203,2.0808,2.0812,0.80,0.60
2008.01.22 15:08:08.411,2.0807,2.0812,3.20,0.90
2008.01.22 15:08:08.621,2.0807,2.0812,3.20,0.60
2008.01.22 15:08:08.830,2.0808,2.0813,3.20,0.60
2008.01.22 15:08:09.038,2.0808,2.08135,3.20,2.80
2008.01.22 15:08:09.363,2.0808,2.0814,4.80,0.60
2008.01.22 15:08:09.697,2.08085,2.08165,2.40,0.60
2008.01.22 15:08:10.020,2.081,2.08165,3.20,0.60
2008.01.22 15:08:10.307,2.081,2.08165,3.20,0.60
2008.01.22 15:08:10.802,2.081,2.08165,3.20,0.60
2008.01.22 15:08:11.067,2.081,2.08165,3.20,0.60
2008.01.22 15:08:11.310,2.0811,2.08165,2.40,0.60
2008.01.22 15:08:11.533,2.0811,2.0817,5.60,1.70
2008.01.22 15:08:11.757,2.0811,2.0817,5.60,0.90
2008.01.22 15:08:11.981,2.0811,2.0817,3.20,0.60
2008.01.22 15:08:12.659,2.0811,2.0817,3.20,0.60
2008.01.22 15:08:13.069,2.0811,2.0817,3.20,0.60
2008.01.22 15:08:13.374,2.0811,2.0817,3.20,0.60
2008.01.22 15:08:13.583,2.0811,2.08155,3.20,0.80
2008.01.22 15:08:13.791,2.0813,2.08155,2.40,0.80
2008.01.22 15:08:14.000,2.0813,2.08155,2.40,0.80
2008.01.22 15:08:14.209,2.0813,2.08155,0.80,0.80
2008.01.22 15:08:14.512,2.0811,2.08155,3.20,0.80
2008.01.22 15:08:14.816,2.0811,2.08155,0.80,0.80
2008.01.22 15:08:15.119,2.081,2.08155,3.20,0.80
2008.01.22 15:08:16.051,2.081,2.08155,2.40,0.80
2008.01.22 15:08:16.339,2.0812,2.08155,2.40,0.80
2008.01.22 15:08:16.507,2.0812,2.08155,2.40,0.80
2008.01.22 15:08:17.592,2.0812,2.08155,0.80,0.80
2008.01.22 15:08:17.902,2.0811,2.0814,0.80,0.60
2008.01.22 15:08:18.212,2.081,2.08145,2.40,0.60
2008.01.22 15:08:18.446,2.081,2.08145,3.20,0.60
2008.01.22 15:08:18.680,2.081,2.08145,3.20,0.60
2008.01.22 15:08:18.913,2.081,2.08145,3.20,0.60
2008.01.22 15:08:19.146,2.081,2.08155,3.20,4.10
2008.01.22 15:08:19.415,2.0812,2.0815,2.40,0.60
2008.01.22 15:08:19.683,2.0812,2.0815,0.80,0.60
2008.01.22 15:08:19.951,2.0811,2.0815,3.20,0.60
2008.01.22 15:08:20.219,2.0812,2.08155,2.40,0.60
2008.01.22 15:08:20.482,2.0812,2.08155,3.20,0.60
2008.01.22 15:08:20.826,2.0812,2.08155,3.20,0.60
2008.01.22 15:08:21.117,2.0812,2.0816,3.20,0.60
2008.01.22 15:08:21.389,2.0812,2.0816,3.20,0.60
2008.01.22 15:08:21.626,2.0812,2.08165,3.20,1.20
2008.01.22 15:08:21.865,2.0814,2.0817,2.40,0.60
2008.01.22 15:08:22.103,2.0814,2.0818,3.20,1.60
2008.01.22 15:08:22.341,2.0814,2.08185,3.20,1.20
2008.01.22 15:08:22.654,2.0814,2.08185,3.20,0.80
2008.01.22 15:08:22.967,2.0814,2.0819,3.20,0.90
2008.01.22 15:08:23.281,2.0815,2.0819,2.40,0.60
2008.01.22 15:08:23.595,2.0815,2.08195,3.20,0.60
2008.01.22 15:08:23.793,2.0816,2.08205,2.40,0.60
2008.01.22 15:08:23.992,2.0816,2.082,2.40,0.60
2008.01.22 15:08:24.190,2.0816,2.08205,3.20,0.60
2008.01.22 15:08:24.403,2.0816,2.08205,3.20,0.60
2008.01.22 15:08:24.721,2.0816,2.08205,3.20,0.60
2008.01.22 15:08:25.054,2.0816,2.082,3.20,0.60
2008.01.22 15:08:25.387,2.0816,2.082,3.20,0.60
2008.01.22 15:08:25.625,2.0816,2.082,3.20,0.60
2008.01.22 15:08:25.863,2.0816,2.082,3.20,0.60
2008.01.22 15:08:26.353,2.0816,2.082,3.20,0.60
2008.01.22 15:08:26.612,2.0816,2.0819,3.20,0.60
2008.01.22 15:08:26.866,2.0816,2.0819,0.80,0.60
2008.01.22 15:08:27.118,2.0814,2.0819,3.20,0.90
2008.01.22 15:08:27.466,2.0814,2.0819,3.20,0.90
2008.01.22 15:08:27.884,2.0814,2.0819,3.20,0.90
2008.01.22 15:08:28.188,2.0814,2.08185,0.80,0.60
2008.01.22 15:08:28.492,2.0813,2.0818,3.20,0.60
2008.01.22 15:08:28.704,2.0813,2.0818,3.20,2.00
2008.01.22 15:08:28.917,2.0813,2.08175,0.80,1.20
2008.01.22 15:08:29.131,2.0811,2.0817,3.20,0.90
2008.01.22 15:08:29.345,2.0811,2.0817,3.20,0.90
2008.01.22 15:08:29.694,2.0812,2.0817,2.40,0.60
2008.01.22 15:08:30.012,2.0812,2.08175,3.20,0.60
2008.01.22 15:08:30.345,2.0814,2.08185,2.40,0.60
2008.01.22 15:08:30.599,2.0814,2.08185,2.40,0.60
2008.01.22 15:08:30.852,2.0814,2.08185,3.20,0.60
2008.01.22 15:08:31.474,2.0814,2.08185,3.20,0.60
2008.01.22 15:08:31.702,2.0814,2.0818,3.20,0.60
2008.01.22 15:08:31.930,2.0813,2.0818,3.20,0.90
2008.01.22 15:08:32.159,2.0813,2.0818,3.20,0.90
2008.01.22 15:08:32.388,2.0813,2.08175,3.20,0.80
2008.01.22 15:08:32.615,2.0813,2.08175,3.20,1.20
2008.01.22 15:08:32.940,2.0811,2.08165,3.20,0.60
2008.01.22 15:08:33.263,2.081,2.08165,3.20,0.60
2008.01.22 15:08:33.640,2.081,2.08165,2.40,0.60
2008.01.22 15:08:33.854,2.0809,2.08175,4.80,1.20
2008.01.22 15:08:34.067,2.0809,2.08175,3.20,1.20
2008.01.22 15:08:34.280,2.0809,2.08155,2.40,0.80
2008.01.22 15:08:34.493,2.0809,2.08145,2.40,0.80
2008.01.22 15:08:34.827,2.0809,2.08145,2.40,0.80
2008.01.22 15:08:35.160,2.0807,2.08145,3.20,0.80
2008.01.22 15:08:35.494,2.0806,2.08135,3.20,0.80
2008.01.22 15:08:35.753,2.0806,2.08135,4.80,1.60
2008.01.22 15:08:36.021,2.0806,2.08135,4.80,1.60
2008.01.22 15:08:36.279,2.0806,2.0813,3.20,0.60
2008.01.22 15:08:36.536,2.0806,2.08125,3.20,0.80
2008.01.22 15:08:36.850,2.0806,2.08125,3.20,0.80
2008.01.22 15:08:37.229,2.0806,2.08125,3.20,0.80
2008.01.22 15:08:37.544,2.0806,2.08115,3.20,0.80
2008.01.22 15:08:37.792,2.0806,2.08105,2.40,0.80
2008.01.22 15:08:38.041,2.0805,2.08105,3.20,0.80
2008.01.22 15:08:38.300,2.0805,2.08105,3.20,0.80
2008.01.22 15:08:38.924,2.0805,2.08105,3.20,0.80
2008.01.22 15:08:39.243,2.0805,2.08105,3.20,0.80
2008.01.22 15:08:39.561,2.0805,2.08105,3.20,0.80
2008.01.22 15:08:39.785,2.0805,2.08105,3.20,1.20
2008.01.22 15:08:40.039,2.0805,2.08105,3.20,0.80
2008.01.22 15:08:40.266,2.0805,2.0811,3.20,0.80
2008.01.22 15:08:40.489,2.0805,2.08115,3.20,0.80
2008.01.22 15:08:40.712,2.0805,2.08115,3.20,0.80
2008.01.22 15:08:41.060,2.0806,2.0813,3.20,0.80
2008.01.22 15:08:41.379,2.0807,2.08125,3.20,0.80
2008.01.22 15:08:41.712,2.0807,2.0813,0.80,0.80
2008.01.22 15:08:41.921,2.0808,2.0815,3.20,2.40
2008.01.22 15:08:42.130,2.0808,2.0815,3.20,2.40
2008.01.22 15:08:42.354,2.0808,2.0815,3.20,0.80
2008.01.22 15:08:42.547,2.0808,2.08135,3.20,0.80
2008.01.22 15:08:42.884,2.0808,2.08135,3.20,0.80
2008.01.22 15:08:44.227,2.0808,2.08135,3.20,0.80
2008.01.22 15:08:44.626,2.0808,2.08135,3.20,0.80
2008.01.22 15:08:44.958,2.0808,2.08135,3.20,0.80
2008.01.22 15:08:45.227,2.0808,2.08145,0.80,0.80
2008.01.22 15:08:45.510,2.08065,2.0814,0.80,0.60
2008.01.22 15:08:45.764,2.08065,2.0812,0.80,1.60
2008.01.22 15:08:46.063,2.0806,2.0812,3.20,2.00
2008.01.22 15:08:46.361,2.0806,2.08115,0.80,0.60
2008.01.22 15:08:46.661,2.0805,2.0811,1.60,0.90
2008.01.22 15:08:46.898,2.08045,2.0811,0.80,0.90
2008.01.22 15:08:47.186,2.08045,2.0811,0.80,0.90
2008.01.22 15:08:47.425,2.08045,2.0811,0.80,0.90
2008.01.22 15:08:47.907,2.08045,2.0811,0.80,0.90
2008.01.22 15:08:48.222,2.0806,2.0811,2.40,0.60
2008.01.22 15:08:48.498,2.0806,2.0811,2.40,0.60
2008.01.22 15:08:48.535,2.0806,2.08125,3.20,7.70
2008.01.22 15:08:48.849,2.0806,2.08115,0.80,1.10
2008.01.22 15:08:49.073,2.08045,2.0811,0.80,0.90
2008.01.22 15:08:49.297,2.08045,2.08115,0.80,1.40
2008.01.22 15:08:49.520,2.0805,2.08115,3.20,1.40
2008.01.22 15:08:49.986,2.0805,2.0811,3.20,0.90
2008.01.22 15:08:50.301,2.0805,2.0811,3.20,0.60
2008.01.22 15:08:50.614,2.0807,2.0812,3.20,0.90
2008.01.22 15:08:50.928,2.0807,2.0812,3.20,0.90
2008.01.22 15:08:51.181,2.0807,2.0812,3.20,0.60
2008.01.22 15:08:51.419,2.0807,2.08125,3.20,3.00
2008.01.22 15:08:51.657,2.0807,2.08125,3.20,0.90
2008.01.22 15:08:51.913,2.0807,2.08135,3.20,2.10
2008.01.22 15:08:52.187,2.0807,2.08105,3.20,1.10
2008.01.22 15:08:52.476,2.0807,2.08105,0.80,3.80
2008.01.22 15:08:52.765,2.0805,2.08105,3.20,3.70
2008.01.22 15:08:53.054,2.0805,2.081,3.20,0.90
2008.01.22 15:08:53.694,2.0805,2.08105,3.20,3.70
2008.01.22 15:08:54.215,2.0805,2.081,3.20,0.60
2008.01.22 15:08:54.489,2.0805,2.081,3.20,0.70
2008.01.22 15:08:54.878,2.0805,2.08105,3.20,8.50
2008.01.22 15:08:55.198,2.0805,2.08105,3.20,7.70
2008.01.22 15:08:55.428,2.0805,2.081,3.20,0.50
2008.01.22 15:08:55.924,2.0805,2.08105,3.20,8.50
2008.01.22 15:08:56.213,2.0805,2.08085,3.20,1.10
2008.01.22 15:08:56.509,2.0805,2.0808,3.20,0.60
2008.01.22 15:08:56.798,2.0803,2.08085,3.20,1.40
2008.01.22 15:08:57.283,2.0803,2.08085,3.20,3.70
2008.01.22 15:08:58.118,2.0803,2.0808,3.20,0.90
2008.01.22 15:08:58.725,2.0803,2.08085,3.20,1.40
2008.01.22 15:08:59.136,2.0803,2.0808,3.20,0.90
2008.01.22 15:08:59.370,2.0803,2.08085,3.20,1.40
2008.01.22 15:08:59.983,2.0803,2.08085,3.20,1.40
2008.01.22 15:09:00.217,2.0803,2.08085,3.20,1.40
2008.01.22 15:09:00.647,2.0803,2.08085,3.20,1.40
2008.01.22 15:09:00.880,2.0803,2.08085,3.20,1.40
2008.01.22 15:09:01.114,2.0803,2.0808,3.20,0.90
2008.01.22 15:09:01.348,2.0804,2.08085,3.20,1.40
2008.01.22 15:09:01.668,2.0804,2.0809,3.20,2.60
2008.01.22 15:09:01.902,2.0804,2.0809,3.20,0.90
2008.01.22 15:09:02.243,2.0804,2.08095,3.20,1.40
2008.01.22 15:09:02.566,2.0804,2.08095,3.20,1.40
2008.01.22 15:09:02.845,2.08045,2.0809,0.80,0.60
2008.01.22 15:09:03.123,2.08045,2.081,0.80,0.80
2008.01.22 15:09:03.352,2.08065,2.0811,0.80,8.80
2008.01.22 15:09:03.581,2.0807,2.0811,3.20,0.60
2008.01.22 15:09:03.809,2.0807,2.08125,3.20,1.40
2008.01.22 15:09:04.051,2.0807,2.0812,3.20,0.90
2008.01.22 15:09:04.355,2.0808,2.08125,2.40,0.60
2008.01.22 15:09:04.659,2.08075,2.0814,0.80,1.80
2008.01.22 15:09:04.963,2.0809,2.0814,3.20,0.90
2008.01.22 15:09:05.268,2.0809,2.08145,3.20,1.20
2008.01.22 15:09:05.522,2.0809,2.0814,3.20,0.60
2008.01.22 15:09:05.774,2.0809,2.08145,3.20,1.20
2008.01.22 15:09:06.027,2.0809,2.0813,3.20,1.10
2008.01.22 15:09:06.321,2.0809,2.08125,3.20,0.60
2008.01.22 15:09:06.614,2.0808,2.0813,3.20,1.40
2008.01.22 15:09:06.907,2.0808,2.08125,3.20,0.60
2008.01.22 15:09:07.201,2.0808,2.08125,3.20,0.60
2008.01.22 15:09:07.475,2.0808,2.08125,3.20,0.60
2008.01.22 15:09:07.782,2.0808,2.0813,3.20,1.40
2008.01.22 15:09:08.128,2.0808,2.08115,3.20,0.60
2008.01.22 15:09:08.371,2.0808,2.0812,0.80,2.20
2008.01.22 15:09:08.615,2.08065,2.08115,0.80,0.60
2008.01.22 15:09:08.859,2.08065,2.0812,0.80,2.20
2008.01.22 15:09:09.102,2.08065,2.0812,0.80,2.60
2008.01.22 15:09:09.605,2.08065,2.08105,0.80,0.60
2008.01.22 15:09:09.837,2.08065,2.0811,0.80,1.80
2008.01.22 15:09:10.146,2.08065,2.0811,0.80,0.80
2008.01.22 15:09:10.365,2.08065,2.08115,0.80,1.30
2008.01.22 15:09:10.617,2.08065,2.08115,0.80,1.10
2008.01.22 15:09:10.872,2.0808,2.08125,2.40,1.60
2008.01.22 15:09:11.125,2.0808,2.08125,3.20,1.30
2008.01.22 15:09:11.378,2.08065,2.08115,0.80,1.40
2008.01.22 15:09:11.607,2.08065,2.08115,0.80,2.00
2008.01.22 15:09:11.835,2.08065,2.08115,0.80,2.00
2008.01.22 15:09:12.596,2.08065,2.08115,0.80,2.00
2008.01.22 15:09:12.924,2.08065,2.08115,0.80,1.70
2008.01.22 15:09:13.253,2.08065,2.0811,0.80,0.80
2008.01.22 15:09:13.437,2.0807,2.08115,3.20,0.50
2008.01.22 15:09:13.620,2.0807,2.0813,3.20,2.00
2008.01.22 15:09:13.803,2.0807,2.08115,0.80,1.10
2008.01.22 15:09:13.987,2.0806,2.08115,3.20,1.40
2008.01.22 15:09:14.171,2.0807,2.08115,0.60,1.30
2008.01.22 15:09:14.361,2.0808,2.08115,0.80,1.00
2008.01.22 15:09:14.695,2.0808,2.0813,3.20,0.60
2008.01.22 15:09:15.028,2.0808,2.08145,3.20,2.40
2008.01.22 15:09:15.362,2.0809,2.08145,2.40,3.60
2008.01.22 15:09:15.609,2.0809,2.0814,3.20,0.50
2008.01.22 15:09:15.853,2.0809,2.0814,3.20,0.50
2008.01.22 15:09:16.111,2.0809,2.0814,3.20,0.50
2008.01.22 15:09:16.562,2.0809,2.08145,3.20,1.00
2008.01.22 15:09:16.580,2.0809,2.0814,3.20,0.50
2008.01.22 15:09:17.212,2.0809,2.08145,3.20,1.00
2008.01.22 15:09:17.437,2.081,2.08145,3.20,0.50
2008.01.22 15:09:17.699,2.081,2.0815,3.20,1.30
2008.01.22 15:09:17.952,2.081,2.0815,3.20,1.30
2008.01.22 15:09:18.219,2.081,2.0815,3.20,1.30
2008.01.22 15:09:18.671,2.081,2.0815,3.20,1.30
2008.01.22 15:09:18.884,2.081,2.0816,3.20,1.60
2008.01.22 15:09:19.098,2.081,2.08165,3.60,2.10
2008.01.22 15:09:19.311,2.0811,2.08165,1.60,1.30
2008.01.22 15:09:19.525,2.0812,2.08165,2.40,1.00
2008.01.22 15:09:19.763,2.0812,2.08165,2.40,0.50
2008.01.22 15:09:20.038,2.0812,2.0817,2.40,1.30
2008.01.22 15:09:20.278,2.0812,2.0817,2.40,0.60
2008.01.22 15:09:20.516,2.08125,2.08185,3.20,1.00
2008.01.22 15:09:20.825,2.0813,2.08195,1.60,4.80
2008.01.22 15:09:21.134,2.0813,2.08195,2.40,6.50
2008.01.22 15:09:21.443,2.0813,2.0819,0.80,0.50
2008.01.22 15:09:21.687,2.0812,2.08185,2.40,0.60
2008.01.22 15:09:21.955,2.0812,2.0819,2.40,2.00
2008.01.22 15:09:22.199,2.0812,2.08185,0.80,1.40
2008.01.22 15:09:22.443,2.0811,2.0819,2.40,4.20
2008.01.22 15:09:22.686,2.0811,2.0819,2.40,4.20
2008.01.22 15:09:22.950,2.0811,2.0817,2.40,3.60
2008.01.22 15:09:23.214,2.0811,2.08155,2.40,0.80
2008.01.22 15:09:23.478,2.0809,2.0817,2.40,4.20
2008.01.22 15:09:23.732,2.0809,2.08155,2.40,2.20
2008.01.22 15:09:23.966,2.0809,2.08145,2.40,0.80
2008.01.22 15:09:24.200,2.0809,2.0815,2.40,4.20
2008.01.22 15:09:24.433,2.0809,2.0815,2.40,0.90
2008.01.22 15:09:24.667,2.0809,2.0815,2.40,5.00
2008.01.22 15:09:24.950,2.0809,2.0814,2.40,2.00
2008.01.22 15:09:25.233,2.0809,2.0814,2.40,2.40
2008.01.22 15:09:25.516,2.0809,2.0814,2.40,4.80
2008.01.22 15:09:25.789,2.0809,2.08135,0.80,5.60
2008.01.22 15:09:26.062,2.0807,2.0813,2.40,0.60
2008.01.22 15:09:26.336,2.0807,2.08135,2.40,5.60
2008.01.22 15:09:26.609,2.0807,2.0813,2.40,0.80
2008.01.22 15:09:26.873,2.0807,2.08135,3.20,5.60
2008.01.22 15:09:27.136,2.0807,2.0813,3.20,0.90
2008.01.22 15:09:27.399,2.0807,2.08135,3.20,5.60
2008.01.22 15:09:27.678,2.0807,2.0813,3.20,0.80
2008.01.22 15:09:27.952,2.0807,2.0812,3.20,1.60
2008.01.22 15:09:28.227,2.0807,2.08115,3.20,0.60
2008.01.22 15:09:28.499,2.0807,2.08115,3.20,0.60
2008.01.22 15:09:28.772,2.0807,2.08125,3.20,0.60
2008.01.22 15:09:28.995,2.0807,2.0813,3.20,3.60
2008.01.22 15:09:29.219,2.0807,2.0812,3.20,0.60
2008.01.22 15:09:29.443,2.0807,2.08115,3.20,0.60
2008.01.22 15:09:29.762,2.0807,2.0813,3.20,2.60
2008.01.22 15:09:30.015,2.0807,2.0813,3.20,0.90
2008.01.22 15:09:30.615,2.0807,2.08135,3.20,6.00
2008.01.22 15:09:30.868,2.0807,2.0813,3.20,0.90
2008.01.22 15:09:31.107,2.0807,2.08125,3.20,1.60
2008.01.22 15:09:31.344,2.0807,2.08125,3.20,1.60
2008.01.22 15:09:31.753,2.0807,2.08125,3.20,1.60
2008.01.22 15:09:32.800,2.0807,2.0812,3.20,0.80
2008.01.22 15:09:33.041,2.0806,2.08135,4.00,4.50
2008.01.22 15:09:33.294,2.0807,2.0813,2.40,0.90
2008.01.22 15:09:33.516,2.0807,2.08135,4.00,3.60
2008.01.22 15:09:33.757,2.0807,2.08135,1.60,4.50
2008.01.22 15:09:34.072,2.0806,2.0813,4.00,0.50
2008.01.22 15:09:34.370,2.0806,2.0813,4.00,0.70
2008.01.22 15:09:35.049,2.0806,2.0813,4.00,0.50
2008.01.22 15:09:36.773,2.0806,2.0813,4.00,0.60
2008.01.22 15:09:37.184,2.0806,2.08135,4.00,4.50
2008.01.22 15:09:37.680,2.0806,2.0812,4.00,0.60
2008.01.22 15:09:37.852,2.0806,2.08115,1.60,1.60
2008.01.22 15:09:38.146,2.08055,2.0811,2.80,0.90
2008.01.22 15:09:38.441,2.0806,2.08115,4.00,0.80
2008.01.22 15:09:38.733,2.0806,2.08125,3.20,2.20
2008.01.22 15:09:39.026,2.0807,2.0813,3.20,2.20
2008.01.22 15:09:39.265,2.08075,2.08135,0.80,2.00
2008.01.22 15:09:39.547,2.08075,2.08135,3.20,2.00
2008.01.22 15:09:39.785,2.081,2.08155,3.20,2.20
2008.01.22 15:09:40.024,2.081,2.0817,4.00,4.90
2008.01.22 15:09:40.333,2.081,2.08175,4.00,2.70
2008.01.22 15:09:40.777,2.0811,2.08175,2.40,2.70
2008.01.22 15:09:41.086,2.0811,2.0817,3.20,2.80
2008.01.22 15:09:41.325,2.0811,2.08175,3.20,5.70
2008.01.22 15:09:41.563,2.0811,2.0817,3.20,0.60
2008.01.22 15:09:41.801,2.0811,2.08175,3.20,8.90
2008.01.22 15:09:42.039,2.0811,2.08175,3.20,6.50
2008.01.22 15:09:42.352,2.08115,2.08175,0.80,6.50
2008.01.22 15:09:42.640,2.08115,2.08175,0.80,6.50
2008.01.22 15:09:42.928,2.0811,2.0817,3.20,4.70
2008.01.22 15:09:43.172,2.0811,2.08155,3.20,0.80
2008.01.22 15:09:43.409,2.0813,2.08155,2.40,0.80
2008.01.22 15:09:43.648,2.0813,2.08175,3.20,1.40
2008.01.22 15:09:43.905,2.0813,2.08175,3.20,1.40
2008.01.22 15:09:44.432,2.0813,2.0818,3.20,4.30
2008.01.22 15:09:44.715,2.0813,2.0816,3.20,0.60
2008.01.22 15:09:44.983,2.0811,2.08155,3.20,0.50
2008.01.22 15:09:45.206,2.0811,2.0815,3.20,0.60
2008.01.22 15:09:45.445,2.08095,2.0815,1.60,1.70
2008.01.22 15:09:45.652,2.08095,2.0815,0.80,2.10
2008.01.22 15:09:45.875,2.08095,2.0815,0.80,2.10
2008.01.22 15:09:46.620,2.08095,2.0815,0.80,2.10
2008.01.22 15:09:47.110,2.08095,2.0815,0.80,1.60
2008.01.22 15:09:47.333,2.0811,2.0815,2.40,0.80
2008.01.22 15:09:47.526,2.0811,2.08155,3.20,1.60
2008.01.22 15:09:47.734,2.0811,2.08155,3.20,1.60
2008.01.22 15:09:47.943,2.0811,2.08155,3.20,0.50
2008.01.22 15:09:49.600,2.0811,2.0816,3.20,1.30
2008.01.22 15:09:49.774,2.0811,2.0816,3.20,0.60
2008.01.22 15:09:49.963,2.0813,2.0816,2.40,0.60
2008.01.22 15:09:50.122,2.0813,2.0816,2.40,0.60
2008.01.22 15:09:50.456,2.0811,2.0817,3.20,3.30
2008.01.22 15:09:50.788,2.0811,2.0817,3.20,3.30
2008.01.22 15:09:51.122,2.0811,2.0817,3.20,3.30
2008.01.22 15:09:51.376,2.0813,2.0817,2.40,0.60
2008.01.22 15:09:51.629,2.0813,2.0818,3.20,0.90
2008.01.22 15:09:51.884,2.0813,2.0817,0.80,0.80
2008.01.22 15:09:52.137,2.0812,2.0817,0.80,1.20
2008.01.22 15:09:52.460,2.0811,2.0817,4.00,1.20
2008.01.22 15:09:54.713,2.0811,2.0817,4.00,1.20
2008.01.22 15:09:54.992,2.0811,2.0817,4.00,1.70
2008.01.22 15:09:55.256,2.0811,2.0817,3.20,1.70
2008.01.22 15:09:55.844,2.0811,2.0817,3.20,1.70
2008.01.22 15:09:56.167,2.0811,2.0817,3.20,1.70
2008.01.22 15:09:56.508,2.081,2.0815,3.20,0.60
2008.01.22 15:09:56.742,2.081,2.0815,1.60,0.60
2008.01.22 15:09:56.975,2.0808,2.0816,1.60,2.00
2008.01.22 15:09:57.207,2.08085,2.0816,0.80,2.00
2008.01.22 15:09:57.442,2.081,2.0816,0.80,2.00
2008.01.22 15:09:57.771,2.081,2.0816,1.60,2.00
2008.01.22 15:09:58.115,2.081,2.0816,1.60,2.00
2008.01.22 15:09:58.428,2.081,2.0816,1.60,2.50
2008.01.22 15:09:58.646,2.08105,2.0816,0.60,2.00
2008.01.22 15:09:58.865,2.08115,2.0816,0.80,2.00
2008.01.22 15:09:59.099,2.08105,2.0815,0.80,0.60
2008.01.22 15:09:59.303,2.08115,2.0815,0.60,0.60
2008.01.22 15:09:59.622,2.08125,2.0816,0.60,2.00
2008.01.22 15:09:59.940,2.08125,2.08165,0.60,0.50
2008.01.22 15:10:00.259,2.0813,2.08165,0.60,0.50
2008.01.22 15:10:00.534,2.0813,2.0817,0.60,0.60
2008.01.22 15:10:00.807,2.0814,2.0817,0.60,0.60
2008.01.22 15:10:01.081,2.0814,2.0819,0.60,2.00
2008.01.22 15:10:01.354,2.08145,2.0819,0.60,0.60
2008.01.22 15:10:01.634,2.08145,2.082,0.60,3.60
2008.01.22 15:10:01.913,2.08145,2.082,0.60,2.00
2008.01.22 15:10:02.191,2.08135,2.082,1.20,2.00
2008.01.22 15:10:02.469,2.08135,2.082,2.00,2.00
2008.01.22 15:10:02.763,2.08135,2.082,2.00,1.20
2008.01.22 15:10:03.056,2.08135,2.082,2.00,1.20
2008.01.22 15:10:03.350,2.0814,2.082,2.80,1.20
2008.01.22 15:10:03.644,2.0814,2.082,4.40,1.20
2008.01.22 15:10:03.666,2.0814,2.082,2.60,1.20
2008.01.22 15:10:04.028,2.0814,2.082,5.00,1.20
2008.01.22 15:10:04.277,2.08135,2.0819,4.00,2.40
2008.01.22 15:10:04.526,2.0813,2.0819,4.00,2.80
2008.01.22 15:10:04.784,2.0813,2.0819,4.20,0.60
2008.01.22 15:10:05.043,2.08145,2.082,0.60,2.80
2008.01.22 15:10:05.301,2.0814,2.082,4.20,1.20
2008.01.22 15:10:05.560,2.0814,2.082,5.00,1.20
2008.01.22 15:10:05.928,2.08135,2.082,8.40,1.20
2008.01.22 15:10:06.191,2.08135,2.082,6.00,2.80
2008.01.22 15:10:06.456,2.08135,2.082,1.40,2.80
2008.01.22 15:10:06.649,2.08135,2.082,0.60,2.80
2008.01.22 15:10:06.852,2.08145,2.082,3.00,2.00
2008.01.22 15:10:07.043,2.0815,2.082,1.00,1.60
2008.01.22 15:10:07.238,2.08145,2.08205,4.40,2.40
2008.01.22 15:10:07.902,2.0815,2.082,1.00,0.60
2008.01.22 15:10:08.185,2.08145,2.082,0.80,1.20
2008.01.22 15:10:08.754,2.0814,2.082,4.80,1.20
2008.01.22 15:10:08.958,2.0813,2.0819,5.60,1.20
2008.01.22 15:10:09.297,2.08135,2.0819,0.80,1.20
2008.01.22 15:10:09.501,2.0813,2.0819,4.40,1.20
2008.01.22 15:10:09.806,2.0813,2.0819,4.80,1.20
2008.01.22 15:10:10.109,2.08135,2.082,0.60,1.20
2008.01.22 15:10:10.428,2.0813,2.082,5.00,1.20
2008.01.22 15:10:11.202,2.0814,2.082,0.60,1.20
2008.01.22 15:10:11.502,2.08135,2.082,4.80,1.20
2008.01.22 15:10:11.711,2.0814,2.082,0.70,1.20
2008.01.22 15:10:11.920,2.08135,2.082,4.40,1.20
2008.01.22 15:10:12.129,2.08135,2.08195,3.80,2.40
2008.01.22 15:10:12.338,2.0813,2.08195,1.60,2.40
2008.01.22 15:10:12.546,2.0814,2.08195,0.80,2.40
2008.01.22 15:10:12.879,2.08115,2.08195,4.00,2.40
2008.01.22 15:10:13.228,2.0812,2.08195,3.20,2.40
2008.01.22 15:10:13.547,2.0816,2.082,0.80,1.60
2008.01.22 15:10:13.770,2.0812,2.0818,7.60,2.80
2008.01.22 15:10:13.993,2.08115,2.0818,7.20,1.20
2008.01.22 15:10:14.263,2.08115,2.0818,4.80,1.20
2008.01.22 15:10:14.526,2.08115,2.0818,4.80,1.80
2008.01.22 15:10:14.750,2.08115,2.0818,4.80,1.80
2008.01.22 15:10:15.052,2.0812,2.0818,1.00,1.80
2008.01.22 15:10:15.355,2.08115,2.08175,3.80,2.40
2008.01.22 15:10:15.674,2.0811,2.08165,4.40,2.40
2008.01.22 15:10:15.952,2.0812,2.0817,1.20,0.60
2008.01.22 15:10:16.296,2.0812,2.0817,1.40,0.60
2008.01.22 15:10:16.574,2.08115,2.0819,3.80,0.60
2008.01.22 15:10:16.853,2.08115,2.0818,3.80,2.80
2008.01.22 15:10:17.121,2.08115,2.0818,3.00,2.00
2008.01.22 15:10:17.390,2.0812,2.0818,1.40,2.00
2008.01.22 15:10:17.659,2.0812,2.0818,1.10,2.40
2008.01.22 15:10:19.070,2.08115,2.0818,3.60,2.40
2008.01.22 15:10:20.142,2.08115,2.0818,3.60,2.40
2008.01.22 15:10:21.181,2.08115,2.0818,3.60,2.60
2008.01.22 15:10:21.443,2.0812,2.0818,1.40,2.60
2008.01.22 15:10:21.863,2.08115,2.0818,3.60,2.60
2008.01.22 15:10:22.294,2.0812,2.0818,0.50,2.60
2008.01.22 15:10:22.527,2.0812,2.0818,2.80,1.00
2008.01.22 15:10:22.760,2.0812,2.0818,3.00,0.60
2008.01.22 15:10:23.094,2.08115,2.0818,3.00,2.60
2008.01.22 15:10:23.428,2.0813,2.0818,0.80,2.20
2008.01.22 15:10:23.762,2.08135,2.0819,0.80,2.00
2008.01.22 15:10:23.995,2.0813,2.0819,3.60,2.00
2008.01.22 15:10:24.228,2.0813,2.0819,3.60,2.00
2008.01.22 15:10:24.462,2.0812,2.0818,9.20,2.00
2008.01.22 15:10:24.696,2.08125,2.0818,0.80,2.00
2008.01.22 15:10:24.995,2.0812,2.0817,1.20,0.60
2008.01.22 15:10:25.293,2.0812,2.0817,0.80,0.60
2008.01.22 15:10:25.607,2.08145,2.0817,0.60,0.60
2008.01.22 15:10:25.891,2.0815,2.0818,2.60,0.60
2008.01.22 15:10:26.169,2.0816,2.082,3.40,0.60
2008.01.22 15:10:26.448,2.0816,2.0822,4.20,2.00
2008.01.22 15:10:26.727,2.08175,2.0822,0.60,2.00
2008.01.22 15:10:26.981,2.08175,2.0822,2.20,0.60
2008.01.22 15:10:27.262,2.08175,2.0822,2.20,0.60
2008.01.22 15:10:27.514,2.0818,2.08225,0.80,0.60
2008.01.22 15:10:27.768,2.0818,2.08225,0.80,0.60
2008.01.22 15:10:28.071,2.0816,2.0822,3.40,2.00
2008.01.22 15:10:28.375,2.0816,2.08205,1.20,0.60
2008.01.22 15:10:28.680,2.08155,2.08205,3.40,0.60
2008.01.22 15:10:28.983,2.0816,2.08205,0.80,0.60
2008.01.22 15:10:29.191,2.0816,2.08235,1.20,1.60
2008.01.22 15:10:29.400,2.0818,2.0824,1.10,2.60
2008.01.22 15:10:29.609,2.0816,2.0823,3.00,0.60
