2009.01.07 04:00:00.383,1.39855,1.39985,1.60,1.60
2009.01.07 04:00:03.112,1.39855,1.4,1.60,1.60
2009.01.07 04:00:06.612,1.39855,1.39995,1.60,1.60
2009.01.07 04:00:07.711,1.39855,1.4,1.60,1.60
2009.01.07 04:00:10.001,1.39865,1.4001,1.60,3.20
2009.01.07 04:00:10.231,1.39865,1.4001,1.60,1.60
2009.01.07 04:00:17.069,1.3988,1.4002,1.60,1.60
2009.01.07 04:00:17.679,1.3988,1.40025,1.60,1.60
2009.01.07 04:00:18.419,1.39885,1.4003,1.60,1.60
2009.01.07 04:00:24.527,1.3988,1.3996,1.60,1.60
2009.01.07 04:00:25.157,1.3987,1.3995,1.60,1.60
2009.01.07 04:00:25.987,1.3988,1.39935,1.60,1.60
2009.01.07 04:00:26.507,1.3988,1.40045,1.60,1.60
2009.01.07 04:00:27.547,1.3987,1.40015,1.60,1.60
2009.01.07 04:00:29.576,1.3988,1.40025,1.60,1.60
2009.01.07 04:00:30.106,1.39885,1.40025,1.60,1.60
2009.01.07 04:00:31.266,1.39895,1.40025,1.60,1.60
2009.01.07 04:00:31.376,1.39895,1.40025,2.40,1.60
2009.01.07 04:00:31.546,1.3992,1.4003,1.60,1.60
2009.01.07 04:00:31.946,1.39915,1.40025,1.60,1.60
2009.01.07 04:00:38.664,1.3992,1.39975,3.20,1.60
2009.01.07 04:00:39.064,1.3993,1.4003,1.60,1.60
2009.01.07 04:00:39.174,1.3993,1.4004,1.60,1.60
2009.01.07 04:00:42.883,1.3993,1.4001,1.60,1.60
2009.01.07 04:00:43.553,1.3993,1.4,1.60,1.60
2009.01.07 04:00:44.413,1.3993,1.4,1.60,3.20
2009.01.07 04:00:45.422,1.3993,1.4,1.60,1.60
2009.01.07 04:00:47.182,1.39925,1.4,1.60,1.60
2009.01.07 04:00:47.532,1.39925,1.4,1.60,3.20
2009.01.07 04:00:50.481,1.39935,1.39995,1.60,1.60
2009.01.07 04:00:50.871,1.39925,1.4,1.60,1.60
2009.01.07 04:00:51.221,1.3993,1.39995,1.60,1.60
2009.01.07 04:00:51.641,1.3993,1.40005,1.60,3.20
2009.01.07 04:00:52.301,1.39925,1.39995,1.60,1.60
2009.01.07 04:00:52.581,1.399,1.39995,1.60,1.60
2009.01.07 04:00:52.980,1.399,1.40005,1.60,1.60
2009.01.07 04:00:55.800,1.3991,1.40005,1.60,1.60
2009.01.07 04:00:56.440,1.3991,1.40015,1.60,1.60
2009.01.07 04:00:57.389,1.39905,1.40005,1.60,1.60
2009.01.07 04:01:00.509,1.3992,1.40005,1.60,1.60
2009.01.07 04:01:00.629,1.3992,1.40005,1.60,3.20
2009.01.07 04:01:02.219,1.3993,1.39995,1.60,1.60
2009.01.07 04:01:02.928,1.39925,1.4,1.60,3.20
2009.01.07 04:01:04.488,1.39885,1.4,1.60,3.20
2009.01.07 04:01:04.588,1.39885,1.4,1.60,1.60
2009.01.07 04:01:06.677,1.39905,1.40005,1.60,3.20
2009.01.07 04:01:07.537,1.39905,1.4,1.60,1.60
2009.01.07 04:01:10.007,1.39905,1.40015,1.60,1.60
2009.01.07 04:01:10.526,1.39905,1.4001,1.60,1.60
2009.01.07 04:01:10.576,1.39905,1.4001,1.60,4.80
2009.01.07 04:01:10.696,1.39905,1.40005,1.60,1.60
2009.01.07 04:01:11.106,1.39905,1.40005,1.60,3.20
2009.01.07 04:01:15.745,1.39905,1.4,1.60,1.60
2009.01.07 04:01:15.856,1.39905,1.4001,1.60,3.20
2009.01.07 04:01:16.095,1.39905,1.4001,1.60,1.60
2009.01.07 04:01:17.515,1.39905,1.40015,1.60,1.60
2009.01.07 04:01:17.805,1.399,1.40015,1.60,1.60
2009.01.07 04:01:18.434,1.399,1.40005,1.60,1.60
2009.01.07 04:01:18.724,1.39885,1.40005,1.60,1.60
2009.01.07 04:01:20.604,1.39895,1.40005,1.60,1.60
2009.01.07 04:01:21.064,1.39895,1.40005,1.60,3.20
2009.01.07 04:01:25.303,1.39905,1.4001,1.60,6.40
2009.01.07 04:01:26.782,1.39905,1.4001,1.60,8.00
2009.01.07 04:01:29.192,1.3992,1.4001,1.60,8.00
2009.01.07 04:01:30.881,1.3992,1.39995,1.60,1.60
2009.01.07 04:01:32.901,1.3993,1.3999,1.60,1.60
2009.01.07 04:01:33.371,1.3994,1.3999,1.60,1.60
2009.01.07 04:01:33.891,1.3993,1.3999,1.60,1.60
2009.01.07 04:01:36.640,1.3993,1.39985,1.60,1.60
2009.01.07 04:01:37.210,1.3993,1.3998,1.60,1.60
2009.01.07 04:01:37.620,1.39895,1.39965,1.60,1.60
2009.01.07 04:01:38.130,1.3991,1.39975,1.60,1.60
2009.01.07 04:01:38.649,1.39905,1.3997,1.60,1.60
2009.01.07 04:01:39.189,1.39915,1.39975,1.60,1.60
2009.01.07 04:01:39.699,1.39915,1.3999,1.60,3.20
2009.01.07 04:01:40.159,1.39915,1.39995,1.60,1.60
2009.01.07 04:01:40.679,1.39915,1.4,1.60,1.60
2009.01.07 04:01:41.809,1.39915,1.4,1.60,3.20
2009.01.07 04:01:42.679,1.39915,1.3999,3.20,1.60
2009.01.07 04:01:43.259,1.3993,1.39995,1.60,1.60
2009.01.07 04:01:43.678,1.3992,1.39995,1.60,1.60
2009.01.07 04:01:44.398,1.39945,1.39995,1.60,1.60
2009.01.07 04:01:45.618,1.39955,1.39985,1.60,1.60
2009.01.07 04:01:46.528,1.39945,1.3998,1.60,1.60
2009.01.07 04:01:46.938,1.3996,1.40005,1.60,1.60
2009.01.07 04:01:48.607,1.3997,1.4004,1.60,3.20
2009.01.07 04:01:51.697,1.39965,1.40025,1.60,3.20
2009.01.07 04:01:52.166,1.39955,1.40025,1.60,3.20
2009.01.07 04:01:52.467,1.39955,1.40015,1.60,1.60
2009.01.07 04:01:53.116,1.39945,1.3999,1.60,1.60
2009.01.07 04:01:53.346,1.39945,1.40025,1.60,1.60
2009.01.07 04:01:54.316,1.3996,1.40025,1.60,3.20
2009.01.07 04:01:54.666,1.3996,1.40025,1.60,4.00
2009.01.07 04:01:55.025,1.3995,1.40015,1.60,1.60
2009.01.07 04:01:55.196,1.3995,1.40015,1.60,4.80
2009.01.07 04:01:55.315,1.3995,1.40015,1.60,6.40
2009.01.07 04:01:56.335,1.39965,1.4001,1.60,1.60
2009.01.07 04:01:56.575,1.39965,1.40025,1.60,3.20
2009.01.07 04:01:59.125,1.39975,1.4002,1.60,1.60
2009.01.07 04:01:59.544,1.39975,1.4003,1.60,6.40
2009.01.07 04:02:00.805,1.3995,1.40015,1.60,3.20
2009.01.07 04:02:01.594,1.3995,1.40015,1.60,4.80
2009.01.07 04:02:02.334,1.3997,1.40015,1.60,1.60
2009.01.07 04:02:06.133,1.39975,1.4003,1.60,4.80
2009.01.07 04:02:06.593,1.39975,1.40025,1.60,3.20
2009.01.07 04:02:06.703,1.39975,1.4004,1.60,1.60
2009.01.07 04:02:09.222,1.39975,1.40045,1.60,1.60
2009.01.07 04:02:09.392,1.39985,1.40045,1.60,1.60
2009.01.07 04:02:11.162,1.39985,1.4004,1.60,1.60
2009.01.07 04:02:11.222,1.3998,1.40035,1.60,1.60
2009.01.07 04:02:11.282,1.3998,1.4002,1.60,1.60
2009.01.07 04:02:14.611,1.39985,1.4003,1.60,3.20
2009.01.07 04:02:14.791,1.39985,1.40045,1.60,1.60
2009.01.07 04:02:15.171,1.4,1.40045,1.60,1.60
2009.01.07 04:02:15.281,1.4,1.4006,1.60,3.20
2009.01.07 04:02:16.590,1.4,1.4006,1.60,4.80
2009.01.07 04:02:20.509,1.4,1.4004,1.60,1.60
2009.01.07 04:02:20.989,1.3999,1.4004,1.60,1.60
2009.01.07 04:02:21.099,1.3998,1.4003,1.60,1.60
2009.01.07 04:02:21.839,1.39985,1.40055,1.60,3.20
2009.01.07 04:02:22.539,1.39975,1.4005,1.60,1.60
2009.01.07 04:02:22.709,1.39975,1.40065,1.60,1.60
2009.01.07 04:02:24.688,1.39975,1.4005,1.60,1.00
2009.01.07 04:02:24.809,1.39975,1.4004,1.60,1.60
2009.01.07 04:02:26.008,1.39975,1.4005,1.60,3.20
2009.01.07 04:02:26.848,1.39985,1.40055,1.60,3.20
2009.01.07 04:02:27.238,1.40005,1.40055,1.60,1.60
2009.01.07 04:02:29.197,1.40015,1.4005,1.60,1.60
2009.01.07 04:02:29.667,1.4001,1.40045,1.60,1.60
2009.01.07 04:02:29.847,1.4004,1.40055,1.60,3.20
2009.01.07 04:02:29.967,1.4004,1.40055,1.60,1.60
2009.01.07 04:02:30.447,1.4004,1.4009,1.60,4.80
2009.01.07 04:02:30.567,1.4005,1.4009,1.60,1.60
2009.01.07 04:02:30.677,1.3996,1.4009,1.60,1.60
2009.01.07 04:02:31.187,1.39995,1.4008,1.60,3.20
2009.01.07 04:02:31.307,1.39945,1.4008,1.60,3.20
2009.01.07 04:02:31.367,1.39935,1.4008,1.60,1.60
2009.01.07 04:02:31.837,1.3997,1.4007,1.60,1.60
2009.01.07 04:02:32.007,1.39945,1.4007,1.60,1.60
2009.01.07 04:02:32.867,1.39935,1.4007,1.60,1.60
2009.01.07 04:02:33.346,1.39855,1.40055,4.80,1.60
2009.01.07 04:02:33.756,1.39855,1.4005,3.20,1.60
2009.01.07 04:02:34.106,1.3985,1.4005,4.80,1.60
2009.01.07 04:02:34.746,1.39865,1.4005,1.60,1.60
2009.01.07 04:02:36.255,1.3986,1.40045,1.60,1.60
2009.01.07 04:02:37.155,1.3986,1.40045,4.80,1.60
2009.01.07 04:02:37.455,1.3986,1.40045,1.60,1.60
2009.01.07 04:02:40.625,1.39965,1.40045,1.60,1.60
2009.01.07 04:02:41.214,1.3995,1.4003,1.60,1.60
2009.01.07 04:02:41.614,1.39945,1.4003,1.60,1.60
2009.01.07 04:02:42.075,1.3995,1.40025,1.60,1.60
2009.01.07 04:02:44.134,1.3995,1.4002,1.60,1.60
2009.01.07 04:02:44.724,1.39945,1.40005,1.60,1.60
2009.01.07 04:02:46.903,1.39955,1.4,1.60,1.60
2009.01.07 04:02:47.783,1.3996,1.4001,1.60,1.60
2009.01.07 04:02:53.671,1.3997,1.40015,1.60,1.60
2009.01.07 04:02:54.201,1.39975,1.40025,1.60,1.60
2009.01.07 04:02:54.372,1.39985,1.4005,1.60,1.60
2009.01.07 04:02:54.721,1.4,1.4005,1.60,3.20
2009.01.07 04:02:54.891,1.4,1.40065,1.60,3.20
2009.01.07 04:02:55.271,1.4,1.40065,1.60,1.60
2009.01.07 04:02:55.911,1.39985,1.4006,1.60,1.60
2009.01.07 04:02:56.291,1.4,1.4006,1.60,1.60
2009.01.07 04:02:57.940,1.3999,1.40045,1.60,1.60
2009.01.07 04:02:58.340,1.39995,1.40075,1.60,1.60
2009.01.07 04:03:04.279,1.39995,1.40055,1.60,1.60
2009.01.07 04:03:05.059,1.3999,1.4005,1.60,1.60
2009.01.07 04:03:08.628,1.39985,1.4004,1.60,1.60
2009.01.07 04:03:09.088,1.3997,1.4004,1.60,1.60
2009.01.07 04:03:12.527,1.39975,1.40045,1.60,1.60
2009.01.07 04:03:12.947,1.39975,1.40055,1.60,1.60
2009.01.07 04:03:13.857,1.3999,1.4006,1.60,3.20
2009.01.07 04:03:15.326,1.3999,1.4006,1.60,1.60
2009.01.07 04:03:16.007,1.3999,1.40075,1.60,1.60
2009.01.07 04:03:16.636,1.3999,1.4006,1.60,1.60
2009.01.07 04:03:16.856,1.3999,1.4005,1.60,1.60
2009.01.07 04:03:18.315,1.3999,1.40085,1.60,1.60
2009.01.07 04:03:22.235,1.40005,1.4007,1.60,1.60
2009.01.07 04:03:22.675,1.39995,1.40065,1.60,1.60
2009.01.07 04:03:23.075,1.3998,1.40065,1.60,1.60
2009.01.07 04:03:23.804,1.39995,1.40065,1.60,1.60
2009.01.07 04:03:46.149,1.39975,1.40065,1.60,1.60
2009.01.07 04:03:58.706,1.3998,1.4006,1.60,1.60
2009.01.07 04:04:10.483,1.39985,1.4006,1.60,1.60
2009.01.07 04:04:10.663,1.3998,1.4006,1.60,1.60
2009.01.07 04:04:29.118,1.3997,1.4002,1.60,1.60
2009.01.07 04:04:29.288,1.3996,1.4002,1.60,1.60
2009.01.07 04:04:33.497,1.3997,1.4003,1.60,1.60
2009.01.07 04:04:35.387,1.3997,1.40015,1.60,1.60
2009.01.07 04:04:39.126,1.39965,1.40015,1.60,1.60
2009.01.07 04:04:42.745,1.39965,1.4004,1.60,1.60
2009.01.07 04:04:42.975,1.39965,1.40055,1.60,1.60
2009.01.07 04:04:44.125,1.39965,1.40055,1.60,1.60
2009.01.07 04:04:52.683,1.39975,1.40065,1.60,1.60
2009.01.07 04:04:54.412,1.39975,1.40075,1.60,1.60
2009.01.07 04:04:58.451,1.39975,1.40075,1.60,2.40
2009.01.07 04:04:58.851,1.39975,1.40075,1.60,4.80
2009.01.07 04:04:59.211,1.3998,1.4008,1.60,1.60
2009.01.07 04:05:01.801,1.39985,1.4009,1.60,3.20
2009.01.07 04:05:02.830,1.39995,1.40095,1.60,3.20
2009.01.07 04:05:03.170,1.39985,1.4009,1.60,1.60
2009.01.07 04:05:03.930,1.3998,1.4008,1.60,1.60
2009.01.07 04:05:05.150,1.39965,1.40065,1.60,1.60
2009.01.07 04:05:13.508,1.3998,1.4008,1.60,1.60
2009.01.07 04:05:19.187,1.3997,1.40075,1.60,1.60
2009.01.07 04:05:20.236,1.3998,1.4008,1.60,3.20
2009.01.07 04:05:20.866,1.3998,1.4008,1.60,1.60
2009.01.07 04:05:22.486,1.39995,1.40085,1.60,1.60
2009.01.07 04:05:23.065,1.39985,1.4009,1.60,1.60
2009.01.07 04:05:23.655,1.3998,1.4008,1.60,1.60
2009.01.07 04:05:24.745,1.39985,1.4009,1.60,1.60
2009.01.07 04:05:25.595,1.3998,1.4008,1.60,1.60
2009.01.07 04:05:28.734,1.39965,1.40065,1.60,1.60
2009.01.07 04:05:35.153,1.39955,1.4006,1.60,1.60
2009.01.07 04:05:39.791,1.39955,1.40055,1.60,1.60
2009.01.07 04:05:42.761,1.3995,1.40055,1.60,1.60
2009.01.07 04:05:43.800,1.3995,1.40055,1.60,3.20
2009.01.07 04:05:44.450,1.3995,1.40055,1.60,1.60
2009.01.07 04:05:46.360,1.3995,1.40055,1.60,2.40
2009.01.07 04:05:46.710,1.39945,1.40045,1.60,1.60
2009.01.07 04:05:48.689,1.3995,1.40055,1.60,1.60
2009.01.07 04:05:48.859,1.39945,1.40045,1.60,1.60
2009.01.07 04:05:49.439,1.39945,1.4002,1.60,1.60
2009.01.07 04:05:49.499,1.39945,1.40015,1.60,1.60
2009.01.07 04:05:50.259,1.3995,1.4001,1.60,1.60
2009.01.07 04:05:51.719,1.39955,1.40005,1.60,1.60
2009.01.07 04:05:57.307,1.3995,1.4,1.60,1.60
2009.01.07 04:06:05.475,1.39935,1.39995,1.60,1.60
2009.01.07 04:06:06.365,1.3995,1.40005,1.60,1.60
2009.01.07 04:06:07.805,1.3993,1.39995,1.60,1.60
2009.01.07 04:06:18.772,1.39935,1.39985,1.60,1.60
2009.01.07 04:06:21.921,1.39875,1.3998,3.20,1.60
2009.01.07 04:06:22.681,1.39875,1.3998,1.60,1.60
2009.01.07 04:06:23.451,1.3988,1.3998,1.60,1.60
2009.01.07 04:06:46.246,1.3989,1.39985,1.60,1.60
2009.01.07 04:06:47.475,1.39895,1.39995,1.60,1.60
2009.01.07 04:06:51.564,1.39905,1.39995,1.60,1.60
2009.01.07 04:06:52.394,1.39895,1.39995,1.60,1.60
2009.01.07 04:06:52.714,1.39905,1.39995,1.60,1.60
2009.01.07 04:06:53.354,1.39895,1.39995,1.60,1.60
2009.01.07 04:07:04.251,1.3988,1.3999,1.60,1.60
2009.01.07 04:07:04.431,1.3989,1.39995,1.60,1.60
2009.01.07 04:07:16.188,1.3988,1.3999,1.60,1.60
2009.01.07 04:07:17.438,1.3987,1.3999,1.60,1.60
2009.01.07 04:07:24.216,1.39865,1.3999,1.60,1.60
2009.01.07 04:07:31.105,1.39855,1.3998,1.60,1.60
2009.01.07 04:07:32.464,1.3986,1.3998,3.20,1.60
2009.01.07 04:07:32.804,1.39875,1.39985,1.60,1.60
2009.01.07 04:07:33.274,1.39875,1.39985,4.80,1.60
2009.01.07 04:07:34.034,1.3989,1.39985,1.60,1.60
2009.01.07 04:07:34.614,1.39905,1.3999,1.60,1.60
2009.01.07 04:07:35.064,1.39915,1.39995,1.60,1.60
2009.01.07 04:07:35.813,1.3989,1.39995,1.60,1.60
2009.01.07 04:07:36.043,1.399,1.39995,1.60,1.60
2009.01.07 04:07:38.223,1.39895,1.39965,1.60,1.60
2009.01.07 04:07:39.852,1.3985,1.39945,1.60,1.60
2009.01.07 04:07:40.422,1.39885,1.3995,1.60,1.60
2009.01.07 04:07:41.382,1.39865,1.3995,1.60,1.60
2009.01.07 04:07:41.552,1.3989,1.3995,1.60,1.60
2009.01.07 04:07:48.010,1.39885,1.3995,1.60,1.60
2009.01.07 04:07:51.290,1.399,1.39955,1.60,1.60
2009.01.07 04:07:53.439,1.39865,1.3995,1.60,1.60
2009.01.07 04:07:54.749,1.39885,1.3995,1.60,1.60
2009.01.07 04:07:55.319,1.3988,1.3994,1.60,1.60
2009.01.07 04:08:00.038,1.39885,1.3994,1.60,1.60
2009.01.07 04:08:01.017,1.39875,1.3995,1.60,1.60
2009.01.07 04:08:01.357,1.39885,1.39955,1.60,1.60
2009.01.07 04:08:01.927,1.3989,1.39965,1.60,1.60
2009.01.07 04:08:03.097,1.39875,1.39975,1.60,1.60
2009.01.07 04:08:04.627,1.3986,1.39975,1.60,1.60
2009.01.07 04:08:05.806,1.39845,1.39975,1.60,1.60
2009.01.07 04:08:07.196,1.39845,1.39955,1.60,1.60
2009.01.07 04:08:08.046,1.39855,1.39955,1.60,1.60
2009.01.07 04:08:08.846,1.39855,1.3993,1.60,1.60
2009.01.07 04:08:09.555,1.39845,1.3992,1.60,1.60
2009.01.07 04:08:14.104,1.39855,1.39955,1.60,1.60
2009.01.07 04:08:19.643,1.39845,1.39955,1.60,1.60
2009.01.07 04:08:20.343,1.39845,1.39955,2.40,1.60
2009.01.07 04:08:20.723,1.3986,1.39965,1.60,3.20
2009.01.07 04:08:21.003,1.3986,1.39965,1.60,1.60
2009.01.07 04:08:22.172,1.3984,1.39955,1.60,1.60
2009.01.07 04:08:22.342,1.39855,1.39955,1.60,1.60
2009.01.07 04:08:22.462,1.3984,1.39955,1.60,1.60
2009.01.07 04:08:24.591,1.3986,1.39965,1.60,1.60
2009.01.07 04:08:30.110,1.39885,1.39965,1.60,1.60
2009.01.07 04:08:30.280,1.399,1.39975,1.60,1.60
2009.01.07 04:08:30.790,1.3989,1.39965,2.40,1.60
2009.01.07 04:08:31.640,1.39895,1.39965,1.60,1.60
2009.01.07 04:08:34.959,1.39905,1.39965,1.00,1.60
2009.01.07 04:08:35.599,1.399,1.39965,2.40,1.60
2009.01.07 04:08:36.579,1.39895,1.39965,1.60,1.60
2009.01.07 04:08:38.888,1.399,1.39965,1.60,1.60
2009.01.07 04:08:40.928,1.39895,1.39965,1.60,1.60
2009.01.07 04:08:41.048,1.399,1.39965,1.60,1.60
2009.01.07 04:08:46.267,1.39895,1.39955,1.60,1.60
2009.01.07 04:08:46.886,1.399,1.39965,1.60,1.60
2009.01.07 04:08:48.256,1.3991,1.39975,1.60,1.60
2009.01.07 04:08:52.445,1.3991,1.39975,1.60,1.60
2009.01.07 04:08:52.505,1.39915,1.3998,1.60,1.60
2009.01.07 04:08:52.955,1.3987,1.3997,1.60,1.60
2009.01.07 04:08:53.245,1.3986,1.3997,4.80,1.60
2009.01.07 04:08:53.884,1.3986,1.3997,1.60,1.60
2009.01.07 04:08:54.225,1.3986,1.39965,3.20,1.60
2009.01.07 04:08:54.454,1.3985,1.3996,3.20,1.60
2009.01.07 04:08:54.964,1.3984,1.39965,3.20,1.60
2009.01.07 04:08:55.184,1.3984,1.3996,3.20,1.60
2009.01.07 04:08:55.294,1.3983,1.3996,3.20,1.60
2009.01.07 04:08:56.254,1.3983,1.39945,3.20,1.60
2009.01.07 04:08:56.774,1.3982,1.39945,3.20,1.60
2009.01.07 04:08:58.213,1.3981,1.39925,3.20,1.60
2009.01.07 04:08:58.974,1.3982,1.39925,3.20,1.60
2009.01.07 04:08:59.823,1.3982,1.3991,3.20,1.60
2009.01.07 04:09:00.223,1.3981,1.3991,3.20,1.60
2009.01.07 04:09:00.453,1.3982,1.39925,3.20,1.60
2009.01.07 04:09:05.362,1.3982,1.3993,3.20,1.60
2009.01.07 04:09:07.002,1.3983,1.3993,3.20,1.60
2009.01.07 04:09:08.471,1.3984,1.3993,3.20,1.60
2009.01.07 04:09:10.570,1.3987,1.39955,1.60,1.60
2009.01.07 04:09:14.210,1.399,1.3995,1.60,1.60
2009.01.07 04:09:14.669,1.399,1.39975,1.60,1.60
2009.01.07 04:09:17.149,1.39915,1.3998,1.60,1.60
2009.01.07 04:09:17.789,1.399,1.39975,1.60,1.60
2009.01.07 04:09:19.159,1.39915,1.39985,1.60,1.60
2009.01.07 04:09:19.378,1.39895,1.39975,1.60,1.60
2009.01.07 04:09:20.838,1.399,1.39965,1.60,1.60
2009.01.07 04:09:20.898,1.3989,1.39965,1.60,1.60
2009.01.07 04:09:23.757,1.3988,1.3997,3.20,1.60
2009.01.07 04:09:23.968,1.39855,1.3997,3.20,1.60
2009.01.07 04:09:24.357,1.39845,1.39965,3.20,1.60
2009.01.07 04:09:24.997,1.3984,1.3994,3.20,1.60
2009.01.07 04:09:25.467,1.3984,1.39935,3.20,1.60
2009.01.07 04:09:25.588,1.3984,1.3994,3.20,1.60
2009.01.07 04:09:26.027,1.3984,1.3992,3.20,1.60
2009.01.07 04:09:27.096,1.3983,1.3992,3.20,1.60
2009.01.07 04:09:27.657,1.3984,1.3992,3.20,1.60
2009.01.07 04:09:27.836,1.3984,1.39975,3.20,1.60
2009.01.07 04:09:28.466,1.3985,1.39985,1.60,1.60
2009.01.07 04:09:28.926,1.3986,1.3997,3.20,1.60
2009.01.07 04:09:29.596,1.3986,1.3992,3.20,1.60
2009.01.07 04:09:29.936,1.3986,1.39985,3.20,1.60
2009.01.07 04:09:30.506,1.3985,1.39975,3.20,1.60
2009.01.07 04:09:31.767,1.3984,1.39955,3.20,1.60
2009.01.07 04:09:32.725,1.3984,1.3993,3.20,1.60
2009.01.07 04:09:33.245,1.3984,1.399,3.20,3.20
2009.01.07 04:09:33.855,1.3984,1.399,3.20,1.60
2009.01.07 04:09:34.485,1.3984,1.39895,3.20,1.60
2009.01.07 04:09:34.845,1.3985,1.39895,3.20,1.60
2009.01.07 04:09:35.525,1.3986,1.3994,3.20,1.60
2009.01.07 04:09:35.684,1.3986,1.3995,3.20,1.60
2009.01.07 04:09:42.053,1.3986,1.3995,4.80,3.20
2009.01.07 04:09:42.513,1.3987,1.3995,3.20,1.60
2009.01.07 04:09:44.132,1.3986,1.3994,3.20,1.60
2009.01.07 04:09:48.862,1.3986,1.39935,3.20,1.60
2009.01.07 04:09:49.601,1.3985,1.39935,3.20,3.20
2009.01.07 04:09:49.811,1.3985,1.39925,3.20,1.60
2009.01.07 04:09:50.951,1.3985,1.3997,3.20,1.60
2009.01.07 04:09:51.411,1.3986,1.3997,3.20,1.60
2009.01.07 04:09:51.471,1.3985,1.3997,3.20,1.60
2009.01.07 04:09:53.631,1.3985,1.39955,3.20,1.60
2009.01.07 04:09:54.110,1.3984,1.39955,3.20,1.60
2009.01.07 04:09:54.750,1.3984,1.3995,3.20,1.60
2009.01.07 04:09:55.160,1.3984,1.39955,3.20,1.60
2009.01.07 04:09:56.220,1.3984,1.3994,3.20,1.60
2009.01.07 04:09:56.570,1.3984,1.3993,3.20,1.60
2009.01.07 04:09:58.579,1.3985,1.39925,3.20,1.60
2009.01.07 04:10:06.467,1.3985,1.3992,3.20,1.60
2009.01.07 04:10:11.116,1.3985,1.39935,3.20,1.60
2009.01.07 04:10:11.816,1.3985,1.3996,3.20,1.60
2009.01.07 04:10:23.213,1.3985,1.3996,3.20,1.60
2009.01.07 04:10:29.051,1.3984,1.3995,3.20,1.60
2009.01.07 04:10:40.779,1.3985,1.3995,3.20,1.60
2009.01.07 04:10:41.259,1.3984,1.3995,3.20,1.60
2009.01.07 04:10:46.887,1.3984,1.3996,4.80,3.20
2009.01.07 04:10:47.307,1.3985,1.3996,3.20,3.20
2009.01.07 04:10:58.365,1.39845,1.40015,1.60,1.60
2009.01.07 04:10:58.894,1.39845,1.4004,3.20,1.60
2009.01.07 04:10:59.804,1.39855,1.4004,1.60,1.60
2009.01.07 04:11:01.154,1.3982,1.4001,7.20,1.60
2009.01.07 04:11:01.254,1.3984,1.4001,3.20,1.60
2009.01.07 04:11:02.833,1.3985,1.3998,3.20,1.60
2009.01.07 04:11:03.003,1.3985,1.3998,3.20,3.20
2009.01.07 04:11:03.793,1.3985,1.3998,3.20,4.80
2009.01.07 04:11:04.083,1.39865,1.39965,1.60,1.60
2009.01.07 04:11:07.842,1.3987,1.3996,1.60,1.60
2009.01.07 04:11:09.662,1.39865,1.3996,1.60,1.60
2009.01.07 04:11:10.402,1.3985,1.3996,1.00,1.60
2009.01.07 04:11:10.462,1.3984,1.3996,1.60,1.60
2009.01.07 04:11:15.552,1.3986,1.3996,1.60,1.60
2009.01.07 04:11:18.240,1.39865,1.3996,1.60,1.60
2009.01.07 04:11:18.520,1.3983,1.3996,1.60,1.60
2009.01.07 04:11:53.182,1.3983,1.3995,1.60,1.60
2009.01.07 04:11:54.001,1.39815,1.3995,1.60,1.60
2009.01.07 04:11:57.610,1.3983,1.3995,1.60,1.60
2009.01.07 04:11:57.670,1.39815,1.3995,1.60,1.60
2009.01.07 04:12:32.122,1.3983,1.3995,1.60,1.60
2009.01.07 04:12:32.872,1.39845,1.39965,1.60,3.20
2009.01.07 04:12:33.111,1.39855,1.39975,1.60,1.60
2009.01.07 04:12:33.581,1.3984,1.3992,1.60,1.60
2009.01.07 04:12:33.802,1.3984,1.39905,1.60,1.60
2009.01.07 04:12:34.891,1.3985,1.3995,1.60,1.60
2009.01.07 04:12:35.241,1.3985,1.3996,1.60,1.60
2009.01.07 04:12:35.711,1.39855,1.39975,1.60,1.00
2009.01.07 04:12:35.771,1.39855,1.3999,1.60,1.60
2009.01.07 04:12:41.480,1.3985,1.3997,1.60,1.60
2009.01.07 04:12:42.010,1.39855,1.39975,1.60,1.60
2009.01.07 04:12:56.656,1.39865,1.39975,1.60,1.60
2009.01.07 04:13:01.445,1.39855,1.3997,1.60,1.60
2009.01.07 04:14:02.630,1.39855,1.39945,1.60,1.00
2009.01.07 04:14:02.690,1.39855,1.39945,1.60,1.60
2009.01.07 04:14:02.800,1.39855,1.39905,1.60,1.60
2009.01.07 04:14:03.260,1.39845,1.39905,1.60,1.60
2009.01.07 04:14:03.910,1.39845,1.39915,1.60,1.60
2009.01.07 04:14:05.270,1.3985,1.39985,1.60,1.60
2009.01.07 04:14:13.967,1.39855,1.3997,1.60,1.60
2009.01.07 04:14:17.656,1.39865,1.3996,1.60,1.60
2009.01.07 04:14:50.599,1.39855,1.3996,1.60,1.60
2009.01.07 04:14:50.828,1.39855,1.39945,1.60,1.60
2009.01.07 04:14:50.998,1.39855,1.3993,1.60,1.60
2009.01.07 04:15:07.305,1.39865,1.39925,1.60,1.60
2009.01.07 04:15:14.023,1.3987,1.39925,1.60,1.60
2009.01.07 04:15:18.952,1.3986,1.39925,1.60,1.60
2009.01.07 04:15:19.072,1.39845,1.39925,1.60,1.60
2009.01.07 04:16:01.562,1.39835,1.3991,1.60,1.60
2009.01.07 04:16:49.220,1.39835,1.3991,1.60,1.60
2009.01.07 04:16:59.567,1.39835,1.3991,1.60,3.20
2009.01.07 04:17:00.427,1.39835,1.39895,1.60,1.60
2009.01.07 04:17:00.917,1.39835,1.3991,1.60,1.60
2009.01.07 04:17:03.297,1.39835,1.39915,1.60,1.60
2009.01.07 04:17:03.807,1.3985,1.39955,3.20,1.60
2009.01.07 04:17:03.926,1.3984,1.39955,3.20,1.60
2009.01.07 04:17:05.576,1.3985,1.39945,3.20,1.60
2009.01.07 04:17:08.535,1.39855,1.39945,1.60,1.60
2009.01.07 04:17:20.372,1.3984,1.39945,3.20,1.60
2009.01.07 04:17:20.682,1.3983,1.39945,4.80,1.60
2009.01.07 04:17:24.841,1.3983,1.3996,4.80,1.60
2009.01.07 04:17:25.131,1.3983,1.3996,1.60,1.60
2009.01.07 04:17:29.710,1.3983,1.3996,4.80,1.60
2009.01.07 04:17:29.890,1.39845,1.39965,1.60,1.60
2009.01.07 04:17:30.410,1.3984,1.3996,1.60,1.60
2009.01.07 04:17:31.640,1.3983,1.3996,4.80,1.60
2009.01.07 04:17:47.066,1.39875,1.39965,1.60,1.60
2009.01.07 04:17:59.953,1.39875,1.39965,1.60,1.60
2009.01.07 04:18:01.122,1.3983,1.3996,1.60,1.60
2009.01.07 04:18:01.772,1.3981,1.3996,3.20,1.60
2009.01.07 04:18:02.483,1.39805,1.39935,6.60,1.60
2009.01.07 04:18:02.952,1.39805,1.3993,5.00,1.60
2009.01.07 04:18:03.172,1.398,1.3993,6.60,1.60
2009.01.07 04:18:04.372,1.398,1.3992,1.60,1.60
2009.01.07 04:18:13.750,1.398,1.3993,1.60,1.60
2009.01.07 04:18:14.739,1.3982,1.39955,1.60,1.60
2009.01.07 04:18:15.599,1.39825,1.3996,1.60,1.60
2009.01.07 04:18:20.088,1.39835,1.39955,1.60,1.60
2009.01.07 04:18:33.245,1.3981,1.39945,6.60,1.60
2009.01.07 04:18:33.365,1.3981,1.39945,1.60,1.60
2009.01.07 04:18:35.174,1.39815,1.39945,6.60,1.60
2009.01.07 04:18:43.282,1.3982,1.39945,3.20,1.60
2009.01.07 04:18:48.371,1.3983,1.3995,1.60,1.60
2009.01.07 04:18:52.610,1.3983,1.3996,1.60,1.60
2009.01.07 04:19:03.177,1.39845,1.39965,1.60,1.60
2009.01.07 04:19:04.107,1.3984,1.39955,1.60,1.60
2009.01.07 04:19:04.917,1.39845,1.39965,1.60,1.60
2009.01.07 04:19:06.587,1.39855,1.3995,1.60,4.80
2009.01.07 04:19:07.397,1.3983,1.3995,6.60,4.80
2009.01.07 04:19:15.245,1.3984,1.3995,1.80,4.80
2009.01.07 04:19:15.865,1.3984,1.3995,5.00,4.80
2009.01.07 04:19:24.382,1.39845,1.3995,1.60,4.80
2009.01.07 04:19:26.652,1.3984,1.3995,5.00,4.80
2009.01.07 04:19:27.162,1.39845,1.3995,3.20,4.80
2009.01.07 04:19:27.462,1.3984,1.3995,5.00,4.80
2009.01.07 04:19:35.080,1.39845,1.3995,1.60,4.80
2009.01.07 04:19:41.278,1.3984,1.3995,5.00,4.80
2009.01.07 04:19:42.018,1.3985,1.3995,3.20,4.80
2009.01.07 04:19:50.576,1.39845,1.3995,3.40,4.80
2009.01.07 04:19:50.806,1.39845,1.3995,1.60,4.80
2009.01.07 04:20:07.562,1.3985,1.3995,1.60,4.80
2009.01.07 04:20:32.966,1.3986,1.3995,1.60,4.80
2009.01.07 04:20:33.766,1.39865,1.3995,1.60,4.80
2009.01.07 04:20:34.126,1.3985,1.3995,1.60,4.80
2009.01.07 04:20:35.125,1.3986,1.3995,1.60,4.80
2009.01.07 04:20:38.354,1.3986,1.3995,1.60,4.80
2009.01.07 04:20:41.934,1.39865,1.3995,1.60,4.80
2009.01.07 04:20:42.214,1.3986,1.3995,1.60,4.80
2009.01.07 04:20:43.743,1.39845,1.3995,1.60,4.80
2009.01.07 04:20:46.783,1.3986,1.3995,1.60,4.80
2009.01.07 04:21:03.439,1.39865,1.3995,1.60,4.80
2009.01.07 04:21:03.798,1.3986,1.3995,1.60,4.80
2009.01.07 04:21:08.447,1.3986,1.39955,1.60,4.80
2009.01.07 04:21:40.869,1.3985,1.3995,1.60,4.80
2009.01.07 04:21:41.310,1.3986,1.3995,1.60,4.80
2009.01.07 04:21:58.875,1.3985,1.3995,1.60,4.80
2009.01.07 04:22:00.645,1.3986,1.3995,1.60,4.80
2009.01.07 04:23:52.278,1.39865,1.3995,1.60,4.80
2009.01.07 04:23:54.017,1.3986,1.3995,1.60,4.80
2009.01.07 04:23:56.217,1.3985,1.3995,1.60,4.80
2009.01.07 04:23:56.797,1.3986,1.3995,1.60,4.80
2009.01.07 04:23:57.307,1.39865,1.3995,1.60,4.80
2009.01.07 04:24:00.006,1.3986,1.3995,1.60,4.80
2009.01.07 04:24:54.383,1.3985,1.3995,1.60,4.80
2009.01.07 04:24:54.673,1.3986,1.3995,1.60,4.80
2009.01.07 04:25:26.865,1.39855,1.3995,1.60,4.80
2009.01.07 04:26:05.376,1.3987,1.3995,1.60,4.80
2009.01.07 04:26:20.132,1.39865,1.3995,1.60,4.80
2009.01.07 04:26:22.242,1.39855,1.3995,1.60,4.80
2009.01.07 04:27:04.072,1.3986,1.39935,1.60,1.60
2009.01.07 04:27:10.940,1.39865,1.3993,1.60,1.60
2009.01.07 04:27:11.050,1.39865,1.39955,1.60,4.80
2009.01.07 04:27:16.388,1.39855,1.3995,1.60,4.80
2009.01.07 04:27:17.258,1.3985,1.3995,1.60,4.80
2009.01.07 04:27:25.046,1.3984,1.39945,1.60,1.60
2009.01.07 04:27:25.697,1.39835,1.3994,1.60,1.60
2009.01.07 04:27:29.505,1.3984,1.39945,1.60,1.60
2009.01.07 04:28:25.212,1.39865,1.3995,1.60,4.80
2009.01.07 04:28:26.782,1.3988,1.3995,1.60,4.80
2009.01.07 04:28:43.388,1.39875,1.3995,1.60,4.80
2009.01.07 04:28:57.154,1.39865,1.3995,1.60,4.80
2009.01.07 04:29:23.618,1.39875,1.3995,1.60,4.80
2009.01.07 04:30:09.817,1.3983,1.39945,1.60,1.60
2009.01.07 04:30:10.387,1.39855,1.3995,1.60,6.40
2009.01.07 04:30:10.946,1.39855,1.3994,1.60,1.60
2009.01.07 04:30:11.517,1.39865,1.3995,1.60,6.40
2009.01.07 04:30:30.702,1.39865,1.3994,1.60,1.60
2009.01.07 04:30:30.922,1.39805,1.39915,1.60,1.60
2009.01.07 04:30:31.512,1.39805,1.39915,1.60,3.20
2009.01.07 04:30:31.981,1.3982,1.39905,1.60,1.60
2009.01.07 04:30:33.971,1.3983,1.3991,1.60,1.60
2009.01.07 04:30:38.950,1.39845,1.3992,1.60,1.60
2009.01.07 04:30:39.680,1.39845,1.39935,1.60,3.20
2009.01.07 04:30:40.249,1.3985,1.39935,1.60,1.60
2009.01.07 04:30:40.589,1.39855,1.39945,1.60,1.60
2009.01.07 04:30:41.499,1.3984,1.39945,1.60,1.60
2009.01.07 04:30:41.729,1.39825,1.39945,1.60,1.60
2009.01.07 04:30:42.639,1.39825,1.39925,1.60,1.60
2009.01.07 04:30:44.119,1.3984,1.39925,1.60,1.60
2009.01.07 04:30:56.346,1.3984,1.3992,1.60,1.60
2009.01.07 04:30:56.915,1.3984,1.39925,1.60,1.60
2009.01.07 04:30:57.565,1.39835,1.39915,1.60,1.60
2009.01.07 04:31:01.174,1.39825,1.3991,1.60,1.60
2009.01.07 04:31:02.134,1.3981,1.39905,1.00,1.60
2009.01.07 04:31:02.654,1.39825,1.3991,1.60,1.60
2009.01.07 04:31:02.824,1.3979,1.39905,1.60,1.60
2009.01.07 04:31:03.274,1.3978,1.3991,1.60,1.60
2009.01.07 04:31:04.973,1.39785,1.39905,1.60,1.60
2009.01.07 04:31:09.182,1.39775,1.39895,6.60,1.60
2009.01.07 04:31:09.882,1.39775,1.39895,5.00,1.60
2009.01.07 04:31:10.103,1.39775,1.39895,3.20,1.60
2009.01.07 04:31:10.282,1.3977,1.39895,5.00,1.60
2009.01.07 04:31:10.502,1.3977,1.39895,3.20,1.60
2009.01.07 04:31:11.352,1.39775,1.39895,3.20,1.60
2009.01.07 04:31:11.702,1.3978,1.39895,1.60,1.60
2009.01.07 04:31:11.952,1.39795,1.399,1.60,1.60
2009.01.07 04:31:13.022,1.3981,1.399,1.60,1.60
2009.01.07 04:31:21.799,1.3981,1.39915,1.60,1.60
2009.01.07 04:31:23.899,1.39825,1.39915,1.00,1.60
2009.01.07 04:31:23.959,1.3984,1.3992,1.60,1.60
2009.01.07 04:31:25.529,1.3985,1.3993,1.60,3.20
2009.01.07 04:31:26.178,1.3985,1.3993,1.60,1.60
2009.01.07 04:31:27.098,1.3985,1.3993,1.60,3.20
2009.01.07 04:31:32.227,1.3987,1.3993,1.60,1.60
2009.01.07 04:31:36.796,1.3981,1.39915,1.60,1.60
2009.01.07 04:31:44.284,1.3987,1.3993,1.60,1.60
2009.01.07 04:31:45.544,1.39875,1.3992,1.60,1.60
2009.01.07 04:31:46.244,1.39885,1.3993,1.60,1.60
2009.01.07 04:31:47.393,1.39845,1.3992,1.60,1.60
2009.01.07 04:31:47.563,1.39825,1.3992,1.60,1.60
2009.01.07 04:31:47.863,1.3981,1.3992,1.60,1.60
2009.01.07 04:31:48.373,1.3981,1.39915,1.60,1.60
2009.01.07 04:31:50.223,1.39835,1.39915,1.00,1.60
2009.01.07 04:31:50.762,1.3987,1.3993,1.60,1.60
2009.01.07 04:31:55.441,1.39845,1.3992,1.60,1.60
2009.01.07 04:31:55.611,1.39825,1.3992,1.60,1.60
2009.01.07 04:31:56.131,1.3981,1.3992,1.60,1.60
2009.01.07 04:31:56.591,1.3981,1.39915,1.60,1.60
2009.01.07 04:32:02.100,1.3987,1.39915,1.60,1.60
2009.01.07 04:32:09.278,1.3987,1.39915,1.60,3.20
2009.01.07 04:32:09.678,1.39865,1.3991,1.60,1.60
2009.01.07 04:32:10.148,1.39865,1.3991,1.60,3.20
2009.01.07 04:32:10.368,1.39865,1.399,1.60,1.60
2009.01.07 04:32:10.718,1.39855,1.399,1.60,1.60
2009.01.07 04:32:26.344,1.3985,1.39895,1.60,1.60
2009.01.07 04:32:28.293,1.3985,1.39895,1.60,3.20
2009.01.07 04:32:29.053,1.3985,1.39895,1.60,1.60
2009.01.07 04:32:32.692,1.3984,1.39885,1.60,1.60
2009.01.07 04:32:40.540,1.39855,1.39895,1.60,1.60
2009.01.07 04:32:40.950,1.39855,1.3992,1.60,1.60
2009.01.07 04:32:41.250,1.3985,1.39955,1.60,1.60
2009.01.07 04:32:50.408,1.39865,1.3992,1.60,3.20
2009.01.07 04:32:55.407,1.39865,1.3992,1.60,1.60
2009.01.07 04:33:08.923,1.3987,1.39925,1.60,3.20
2009.01.07 04:33:09.153,1.3987,1.39925,1.60,1.60
2009.01.07 04:33:22.401,1.3988,1.39935,1.60,1.60
2009.01.07 04:33:22.520,1.3988,1.39945,1.60,1.60
2009.01.07 04:33:26.140,1.39895,1.3995,1.60,6.40
2009.01.07 04:33:26.969,1.39895,1.3995,1.60,4.80
2009.01.07 04:33:29.709,1.39895,1.3995,1.60,6.40
2009.01.07 04:33:33.648,1.39895,1.3994,1.60,1.60
2009.01.07 04:33:36.277,1.39895,1.39935,1.60,1.60
2009.01.07 04:33:36.927,1.39895,1.3995,1.60,6.40
2009.01.07 04:33:38.306,1.39885,1.3994,1.60,1.60
2009.01.07 04:33:39.676,1.39895,1.3995,1.60,8.00
2009.01.07 04:33:39.966,1.39895,1.3995,1.60,6.40
2009.01.07 04:33:40.496,1.39895,1.39935,1.60,1.60
2009.01.07 04:33:43.355,1.39885,1.3994,1.60,3.20
2009.01.07 04:33:44.445,1.3988,1.39935,1.60,1.60
2009.01.07 04:33:44.605,1.3988,1.39925,1.60,1.60
2009.01.07 04:33:54.283,1.3987,1.39925,1.60,1.60
2009.01.07 04:33:57.482,1.3987,1.39915,1.60,1.60
2009.01.07 04:33:57.592,1.3987,1.3992,1.60,3.20
2009.01.07 04:34:03.980,1.3987,1.39905,1.60,1.60
2009.01.07 04:34:04.670,1.3986,1.399,1.60,1.60
2009.01.07 04:34:05.130,1.3986,1.3991,1.60,3.20
2009.01.07 04:34:05.760,1.3986,1.399,1.60,1.60
2009.01.07 04:34:06.350,1.3986,1.3991,1.60,3.20
2009.01.07 04:34:07.849,1.3986,1.399,1.60,1.60
2009.01.07 04:34:08.069,1.3986,1.3991,1.60,3.20
2009.01.07 04:34:09.449,1.3986,1.399,1.60,1.60
2009.01.07 04:34:10.079,1.3986,1.3991,1.60,3.20
2009.01.07 04:34:10.579,1.3986,1.399,1.60,1.60
2009.01.07 04:34:11.948,1.3986,1.3991,1.60,3.20
2009.01.07 04:34:12.578,1.3986,1.399,1.60,1.60
2009.01.07 04:34:13.078,1.3986,1.3991,1.60,3.20
2009.01.07 04:34:14.398,1.3986,1.399,1.60,1.60
2009.01.07 04:34:14.978,1.3987,1.39905,1.60,1.60
2009.01.07 04:34:16.008,1.3986,1.3991,1.60,3.20
2009.01.07 04:34:30.554,1.3986,1.399,1.60,1.60
2009.01.07 04:34:30.834,1.39855,1.39905,1.60,3.20
2009.01.07 04:34:40.402,1.39855,1.3989,1.60,1.60
2009.01.07 04:34:41.151,1.39845,1.3988,1.60,1.60
2009.01.07 04:34:46.430,1.39845,1.39875,1.60,1.60
2009.01.07 04:34:46.670,1.3984,1.39875,1.60,1.60
2009.01.07 04:34:49.419,1.39845,1.3989,1.60,1.60
2009.01.07 04:34:50.979,1.3984,1.39885,1.60,1.60
2009.01.07 04:34:51.449,1.3984,1.39885,1.60,3.20
2009.01.07 04:34:55.508,1.3984,1.39875,1.60,1.60
2009.01.07 04:34:56.658,1.3984,1.39875,1.60,3.20
2009.01.07 04:34:57.308,1.3984,1.39875,1.60,1.60
2009.01.07 04:34:57.487,1.39825,1.3987,1.60,1.60
2009.01.07 04:35:02.486,1.39825,1.39875,1.60,1.60
2009.01.07 04:35:02.776,1.39825,1.3987,1.60,3.20
2009.01.07 04:35:03.846,1.3983,1.39875,1.60,3.20
2009.01.07 04:35:05.347,1.3983,1.39865,1.60,1.60
2009.01.07 04:35:06.565,1.3984,1.39865,1.60,1.60
2009.01.07 04:35:12.664,1.3984,1.3987,1.60,1.60
2009.01.07 04:35:16.263,1.3983,1.39875,1.60,3.20
2009.01.07 04:35:17.313,1.3983,1.39875,1.60,4.80
2009.01.07 04:35:19.762,1.3983,1.39875,1.60,3.20
2009.01.07 04:35:23.511,1.3983,1.39875,1.60,4.80
2009.01.07 04:35:23.911,1.3983,1.39865,1.60,1.60
2009.01.07 04:35:30.690,1.3983,1.3986,1.60,1.60
2009.01.07 04:35:34.519,1.39835,1.3986,1.60,1.60
2009.01.07 04:35:38.317,1.39835,1.39885,1.60,3.20
2009.01.07 04:35:40.187,1.3984,1.39875,1.60,1.60
2009.01.07 04:35:40.467,1.3984,1.39885,1.60,1.60
2009.01.07 04:35:40.767,1.39805,1.3988,1.60,1.60
2009.01.07 04:35:40.987,1.3978,1.39875,2.40,1.60
2009.01.07 04:35:41.327,1.3978,1.39875,1.00,1.60
2009.01.07 04:35:41.777,1.3977,1.39865,1.60,1.60
2009.01.07 04:35:42.127,1.3977,1.39845,1.60,1.60
2009.01.07 04:35:47.085,1.3977,1.3982,1.60,1.60
2009.01.07 04:35:47.255,1.3977,1.3982,1.60,3.20
2009.01.07 04:35:47.885,1.3976,1.39815,1.60,1.60
2009.01.07 04:35:51.624,1.39755,1.398,1.60,1.60
2009.01.07 04:35:52.754,1.3975,1.39795,1.60,1.60
2009.01.07 04:36:02.602,1.3975,1.3979,1.60,1.60
2009.01.07 04:36:03.521,1.39755,1.39795,1.60,1.60
2009.01.07 04:36:05.371,1.3974,1.3983,5.60,1.60
2009.01.07 04:36:05.842,1.3974,1.3986,5.60,3.20
2009.01.07 04:36:06.521,1.39745,1.39875,4.80,1.20
2009.01.07 04:36:07.161,1.3975,1.3987,3.20,1.20
2009.01.07 04:36:07.390,1.39755,1.3988,3.20,5.60
2009.01.07 04:36:07.680,1.39755,1.3988,3.20,1.20
2009.01.07 04:36:08.411,1.3976,1.39885,3.20,1.20
2009.01.07 04:36:09.150,1.39765,1.39885,3.20,1.20
2009.01.07 04:36:10.200,1.39765,1.39885,3.20,2.80
2009.01.07 04:36:11.819,1.39765,1.39885,3.20,1.60
2009.01.07 04:36:17.438,1.3977,1.39875,3.20,1.60
2009.01.07 04:36:18.078,1.3973,1.39815,4.00,1.60
2009.01.07 04:36:18.308,1.3973,1.3981,4.00,1.60
2009.01.07 04:36:22.437,1.39745,1.3979,1.60,1.60
2009.01.07 04:36:22.907,1.3974,1.39805,7.20,1.60
2009.01.07 04:36:25.676,1.39755,1.39805,1.60,1.60
2009.01.07 04:36:39.413,1.39745,1.3979,1.60,1.60
2009.01.07 04:36:42.572,1.3974,1.3979,4.00,1.60
2009.01.07 04:36:45.032,1.39745,1.3979,1.60,1.60
2009.01.07 04:36:45.791,1.3974,1.39785,4.00,1.60
2009.01.07 04:36:47.991,1.39745,1.3979,1.60,1.60
2009.01.07 04:36:48.281,1.3975,1.398,1.60,1.60
2009.01.07 04:36:50.800,1.39745,1.3979,1.60,1.60
2009.01.07 04:36:53.949,1.3974,1.39785,4.00,1.60
2009.01.07 04:36:54.369,1.3974,1.3978,4.00,1.60
2009.01.07 04:36:56.619,1.3974,1.39785,5.60,1.60
2009.01.07 04:37:00.657,1.3975,1.3979,1.60,1.60
2009.01.07 04:37:01.837,1.3975,1.398,1.60,1.60
2009.01.07 04:37:05.217,1.39745,1.3979,1.60,1.60
2009.01.07 04:37:09.016,1.3975,1.398,1.60,1.60
2009.01.07 04:37:22.422,1.39745,1.3979,1.60,1.60
2009.01.07 04:37:23.812,1.3974,1.3979,4.00,1.60
2009.01.07 04:37:23.982,1.3974,1.398,4.00,1.60
2009.01.07 04:37:29.441,1.3975,1.398,1.60,1.60
2009.01.07 04:37:33.720,1.39745,1.3979,1.60,1.60
2009.01.07 04:37:38.569,1.3974,1.3979,4.00,1.60
2009.01.07 04:37:41.828,1.3974,1.3979,5.60,1.60
2009.01.07 04:37:43.327,1.39745,1.3979,1.60,1.60
2009.01.07 04:37:47.716,1.3975,1.398,1.60,1.60
2009.01.07 04:37:51.625,1.3975,1.398,3.20,1.60
2009.01.07 04:37:52.145,1.3975,1.398,1.60,1.60
2009.01.07 04:37:52.475,1.3974,1.398,5.60,1.60
2009.01.07 04:37:54.515,1.3975,1.398,1.60,1.60
2009.01.07 04:37:54.975,1.39745,1.3979,1.60,1.60
2009.01.07 04:37:57.924,1.3975,1.398,1.60,1.60
2009.01.07 04:38:01.963,1.39745,1.3979,1.60,1.60
2009.01.07 04:38:03.873,1.3975,1.398,1.60,1.60
2009.01.07 04:38:07.051,1.39755,1.398,1.60,1.60
2009.01.07 04:38:14.270,1.3975,1.39795,1.60,1.60
2009.01.07 04:38:23.158,1.39755,1.398,1.60,1.60
2009.01.07 04:38:24.087,1.3976,1.39805,1.60,1.60
2009.01.07 04:38:27.467,1.3977,1.39815,1.60,1.60
2009.01.07 04:38:27.877,1.3976,1.39805,1.60,1.60
2009.01.07 04:38:28.048,1.3977,1.39815,1.60,1.60
2009.01.07 04:38:32.216,1.39775,1.3982,1.60,1.60
2009.01.07 04:38:33.935,1.39765,1.3981,1.60,1.60
2009.01.07 04:38:36.415,1.3976,1.39805,1.60,1.60
2009.01.07 04:38:36.694,1.39765,1.3981,1.60,1.60
2009.01.07 04:38:38.724,1.3976,1.39805,1.60,1.60
2009.01.07 04:38:50.651,1.39755,1.398,1.60,1.60
2009.01.07 04:38:51.251,1.3976,1.39795,1.60,1.60
2009.01.07 04:38:54.390,1.3977,1.398,1.60,1.60
2009.01.07 04:39:15.245,1.39775,1.39805,1.60,1.60
2009.01.07 04:39:27.332,1.39775,1.3981,1.60,1.60
2009.01.07 04:39:28.072,1.3978,1.3982,1.60,1.60
2009.01.07 04:39:28.422,1.39785,1.39855,1.60,3.20
2009.01.07 04:39:28.712,1.39785,1.39885,1.60,2.80
2009.01.07 04:39:29.262,1.3978,1.3988,1.60,1.60
2009.01.07 04:39:29.612,1.39785,1.3989,1.60,1.20
2009.01.07 04:39:49.067,1.3979,1.3989,1.60,2.80
2009.01.07 04:39:49.827,1.398,1.39865,1.60,1.60
2009.01.07 04:39:50.567,1.3979,1.39865,3.20,1.60
2009.01.07 04:39:51.306,1.3979,1.39855,1.60,1.60
2009.01.07 04:39:51.897,1.3978,1.39855,1.60,1.60
2009.01.07 04:39:54.246,1.3979,1.39855,1.60,1.60
2009.01.07 04:39:55.765,1.3979,1.39855,3.20,1.60
2009.01.07 04:39:55.828,1.3979,1.3984,1.60,1.60
2009.01.07 04:40:02.024,1.3979,1.3983,1.60,1.60
2009.01.07 04:40:06.673,1.39785,1.3982,1.60,1.60
2009.01.07 04:40:09.642,1.3978,1.3982,1.60,1.60
2009.01.07 04:40:12.602,1.39775,1.3981,1.60,1.60
2009.01.07 04:40:19.100,1.3978,1.39825,1.60,1.60
2009.01.07 04:40:29.118,1.39795,1.39835,1.60,1.60
2009.01.07 04:40:29.697,1.39805,1.3986,1.60,1.60
2009.01.07 04:40:29.867,1.3981,1.39855,1.60,1.60
2009.01.07 04:40:30.487,1.3982,1.3986,1.60,1.60
2009.01.07 04:40:40.605,1.39805,1.3984,1.60,1.60
2009.01.07 04:40:45.403,1.39815,1.3985,1.60,1.60
2009.01.07 04:40:47.713,1.39805,1.3984,1.60,1.60
2009.01.07 04:40:53.171,1.39805,1.39835,1.60,1.60
2009.01.07 04:41:03.179,1.39805,1.39845,1.60,1.60
2009.01.07 04:41:09.128,1.3982,1.3985,1.60,1.60
2009.01.07 04:41:10.287,1.39805,1.39845,1.60,1.60
2009.01.07 04:41:19.025,1.398,1.39845,1.60,1.60
2009.01.07 04:41:32.592,1.39755,1.3984,1.60,1.60
2009.01.07 04:41:32.652,1.39755,1.39825,1.60,1.60
2009.01.07 04:41:34.992,1.3978,1.39825,1.60,1.60
2009.01.07 04:41:57.507,1.3978,1.3981,1.60,1.60
2009.01.07 04:42:13.442,1.3977,1.39805,1.60,1.60
2009.01.07 04:42:24.789,1.3978,1.3981,1.60,1.60
2009.01.07 04:42:25.430,1.39785,1.3982,1.60,1.60
2009.01.07 04:42:26.699,1.3978,1.3981,1.60,1.60
2009.01.07 04:42:28.918,1.3978,1.39825,1.60,1.60
2009.01.07 04:42:30.828,1.39795,1.39825,1.60,1.60
2009.01.07 04:42:31.008,1.39785,1.3982,1.60,1.60
2009.01.07 04:42:32.968,1.39785,1.39825,1.60,1.60
2009.01.07 04:42:33.937,1.3979,1.39835,1.60,3.20
2009.01.07 04:42:35.347,1.3979,1.3983,1.60,1.60
2009.01.07 04:42:35.857,1.39785,1.39825,1.60,1.60
2009.01.07 04:42:41.885,1.39785,1.3982,1.60,1.60
2009.01.07 04:43:11.748,1.3978,1.3981,1.60,1.60
2009.01.07 04:43:15.257,1.39785,1.3982,1.60,1.60
2009.01.07 04:43:31.543,1.39795,1.39825,1.60,1.60
2009.01.07 04:43:34.443,1.398,1.39835,1.60,1.60
2009.01.07 04:43:40.421,1.398,1.3983,1.60,1.60
2009.01.07 04:43:45.040,1.39785,1.39825,1.60,1.60
2009.01.07 04:43:46.410,1.39785,1.39815,1.60,1.60
2009.01.07 04:43:46.980,1.3978,1.39815,1.60,1.60
2009.01.07 04:43:58.017,1.39785,1.3982,1.60,1.60
2009.01.07 04:43:59.527,1.3974,1.39815,1.60,1.60
2009.01.07 04:43:59.816,1.39725,1.398,3.20,1.60
2009.01.07 04:44:00.047,1.3973,1.398,1.60,1.60
2009.01.07 04:44:00.726,1.39745,1.398,1.60,1.60
2009.01.07 04:44:01.007,1.3974,1.39805,3.20,3.20
2009.01.07 04:44:01.247,1.39755,1.3981,3.20,1.60
2009.01.07 04:44:01.636,1.39755,1.39835,3.20,3.20
2009.01.07 04:44:01.796,1.39755,1.39835,3.20,1.60
2009.01.07 04:44:04.715,1.39755,1.398,1.60,1.60
2009.01.07 04:44:05.005,1.39745,1.39795,1.60,1.60
2009.01.07 04:44:06.195,1.39755,1.398,1.60,1.60
2009.01.07 04:44:06.365,1.39755,1.39815,1.60,1.60
2009.01.07 04:44:06.535,1.39755,1.398,1.60,1.60
2009.01.07 04:44:06.945,1.39745,1.398,1.60,1.60
2009.01.07 04:44:09.044,1.39755,1.398,1.60,1.60
2009.01.07 04:44:10.014,1.3974,1.39795,1.60,1.60
2009.01.07 04:44:10.874,1.3974,1.3978,1.60,1.60
2009.01.07 04:44:11.494,1.39755,1.39795,1.60,1.60
2009.01.07 04:44:12.074,1.3976,1.398,1.60,1.60
2009.01.07 04:44:14.113,1.39755,1.39795,1.60,1.60
2009.01.07 04:44:15.703,1.39745,1.39785,1.60,1.60
2009.01.07 04:44:16.562,1.39745,1.3978,1.60,1.60
2009.01.07 04:44:20.014,1.39735,1.39775,1.60,1.60
2009.01.07 04:44:22.471,1.39725,1.3976,1.60,1.60
2009.01.07 04:44:22.881,1.39685,1.39795,1.60,1.60
2009.01.07 04:44:23.731,1.39685,1.3979,4.80,1.60
2009.01.07 04:44:24.301,1.3965,1.39785,3.20,1.20
2009.01.07 04:44:24.761,1.3965,1.39785,3.20,2.80
2009.01.07 04:44:25.160,1.39645,1.3978,3.20,1.20
2009.01.07 04:44:25.680,1.3965,1.39775,11.40,1.20
2009.01.07 04:44:26.081,1.3965,1.3975,8.20,1.20
2009.01.07 04:44:27.290,1.3965,1.3974,8.20,2.80
2009.01.07 04:44:28.070,1.3965,1.39735,8.20,1.00
2009.01.07 04:44:30.069,1.3965,1.3974,8.20,4.40
2009.01.07 04:44:31.699,1.3965,1.3974,8.20,2.40
2009.01.07 04:44:32.169,1.39665,1.39725,1.60,1.60
2009.01.07 04:44:32.399,1.3968,1.39725,1.60,1.60
2009.01.07 04:44:33.508,1.3965,1.3971,1.60,1.60
2009.01.07 04:44:35.628,1.3967,1.39715,1.60,1.60
2009.01.07 04:44:36.178,1.3966,1.3971,1.60,1.60
2009.01.07 04:44:36.518,1.39655,1.3971,1.60,1.60
2009.01.07 04:44:37.157,1.39665,1.3972,1.60,1.60
2009.01.07 04:44:37.717,1.3966,1.3972,1.60,1.60
2009.01.07 04:44:38.477,1.3966,1.39755,1.60,1.60
2009.01.07 04:44:38.759,1.39675,1.39755,1.60,1.60
2009.01.07 04:44:39.437,1.39675,1.3977,1.60,1.20
2009.01.07 04:44:39.957,1.39675,1.3977,1.60,1.20
2009.01.07 04:44:40.597,1.3968,1.3977,1.60,1.20
2009.01.07 04:44:43.116,1.3968,1.39785,1.60,1.20
2009.01.07 04:44:43.576,1.39685,1.3979,1.60,1.20
2009.01.07 04:44:44.576,1.397,1.3979,1.60,1.20
2009.01.07 04:44:44.746,1.39705,1.3979,1.60,1.20
2009.01.07 04:44:45.266,1.39705,1.398,1.60,1.20
2009.01.07 04:44:45.565,1.397,1.398,1.60,1.20
2009.01.07 04:44:45.735,1.397,1.39805,1.60,1.20
2009.01.07 04:44:47.875,1.397,1.3981,1.60,1.20
2009.01.07 04:44:48.425,1.39715,1.3981,1.60,1.20
2009.01.07 04:44:48.945,1.39715,1.39815,1.60,1.20
2009.01.07 04:44:49.455,1.397,1.39815,1.60,1.20
2009.01.07 04:44:50.094,1.397,1.3982,1.60,1.20
2009.01.07 04:44:52.664,1.397,1.39815,1.60,1.20
2009.01.07 04:44:54.843,1.39695,1.398,1.60,1.20
2009.01.07 04:44:55.303,1.39695,1.3979,1.60,1.60
2009.01.07 04:44:55.663,1.39695,1.39775,1.60,1.60
2009.01.07 04:44:56.683,1.39695,1.3976,1.60,1.60
2009.01.07 04:44:57.193,1.39695,1.39755,1.60,1.60
2009.01.07 04:44:57.693,1.3969,1.39745,1.60,1.60
2009.01.07 04:44:58.842,1.39695,1.3976,1.60,1.60
2009.01.07 04:44:59.003,1.39695,1.39745,1.60,1.60
2009.01.07 04:44:59.352,1.39695,1.3975,1.60,1.60
2009.01.07 04:45:00.502,1.39695,1.39745,1.60,1.60
2009.01.07 04:45:01.612,1.39695,1.3975,1.60,1.60
2009.01.07 04:45:02.172,1.39685,1.3974,1.60,1.60
2009.01.07 04:45:03.322,1.39685,1.3973,1.60,1.60
2009.01.07 04:45:03.722,1.39685,1.39725,1.60,1.60
2009.01.07 04:45:04.301,1.39685,1.3972,1.60,1.20
2009.01.07 04:45:04.901,1.397,1.3973,1.60,1.60
2009.01.07 04:45:05.351,1.39695,1.3974,1.60,1.60
2009.01.07 04:45:05.881,1.39695,1.3975,1.60,4.40
2009.01.07 04:45:06.811,1.3969,1.39735,1.60,1.60
2009.01.07 04:45:11.629,1.39705,1.39745,1.60,3.20
2009.01.07 04:45:11.799,1.39705,1.39745,1.60,1.60
2009.01.07 04:45:12.259,1.39685,1.39735,1.60,1.60
2009.01.07 04:45:13.119,1.39705,1.3974,1.60,1.60
2009.01.07 04:45:16.458,1.39675,1.3974,1.60,1.60
2009.01.07 04:45:16.518,1.3967,1.3974,1.60,1.60
2009.01.07 04:45:17.108,1.39655,1.39735,1.60,1.60
2009.01.07 04:45:24.706,1.3967,1.3974,1.60,1.60
2009.01.07 04:45:25.506,1.39675,1.3974,1.00,1.60
2009.01.07 04:45:26.666,1.3967,1.3974,1.60,1.60
2009.01.07 04:45:26.726,1.39685,1.3974,1.60,1.60
2009.01.07 04:45:27.136,1.39685,1.39735,1.60,1.60
2009.01.07 04:45:29.045,1.3969,1.3973,1.60,1.60
2009.01.07 04:45:29.395,1.39685,1.3973,1.60,1.60
2009.01.07 04:45:29.565,1.39685,1.39715,1.60,1.60
2009.01.07 04:45:30.695,1.39685,1.3971,1.60,1.60
2009.01.07 04:45:30.925,1.39685,1.3972,1.60,1.60
2009.01.07 04:45:33.024,1.39675,1.3973,1.60,1.60
2009.01.07 04:45:34.834,1.3967,1.39715,1.60,1.60
2009.01.07 04:45:35.574,1.39675,1.3974,1.60,4.80
2009.01.07 04:45:36.103,1.39675,1.3974,1.60,3.20
2009.01.07 04:45:36.264,1.3965,1.39725,1.60,1.60
2009.01.07 04:45:36.584,1.3965,1.3973,1.60,2.80
2009.01.07 04:45:36.993,1.3965,1.39715,1.60,1.60
2009.01.07 04:45:37.293,1.39655,1.3972,1.60,1.60
2009.01.07 04:45:37.713,1.3965,1.3972,9.80,2.80
2009.01.07 04:45:38.253,1.3965,1.3972,9.80,1.20
2009.01.07 04:45:38.423,1.3965,1.39725,9.80,1.20
2009.01.07 04:45:39.413,1.3965,1.3972,9.80,1.60
2009.01.07 04:45:39.593,1.3965,1.3971,8.20,1.60
2009.01.07 04:45:40.702,1.39665,1.39715,1.60,1.60
2009.01.07 04:45:40.992,1.3965,1.3971,8.20,1.60
2009.01.07 04:45:41.842,1.3965,1.3971,8.20,2.80
2009.01.07 04:45:44.192,1.3965,1.39705,8.20,1.20
2009.01.07 04:45:44.601,1.3965,1.39695,8.20,1.20
2009.01.07 04:45:46.121,1.3965,1.39695,8.20,2.80
2009.01.07 04:45:46.241,1.3965,1.39685,8.20,1.60
2009.01.07 04:45:51.620,1.3965,1.39685,8.20,3.20
2009.01.07 04:45:52.091,1.3965,1.3967,8.20,1.60
2009.01.07 04:45:56.079,1.3958,1.39655,1.60,1.60
2009.01.07 04:45:56.668,1.39575,1.3964,1.60,1.60
2009.01.07 04:45:57.348,1.396,1.3966,1.60,1.60
2009.01.07 04:45:58.508,1.396,1.3966,1.60,1.60
2009.01.07 04:45:58.918,1.396,1.39665,1.60,1.60
2009.01.07 04:45:59.148,1.3961,1.39675,1.60,1.60
2009.01.07 04:45:59.608,1.39605,1.3972,1.60,1.20
2009.01.07 04:46:00.208,1.39615,1.3972,1.60,1.20
2009.01.07 04:46:01.407,1.39615,1.39715,1.60,1.20
2009.01.07 04:46:01.517,1.39615,1.39725,1.60,5.60
2009.01.07 04:46:01.677,1.39615,1.39725,1.60,1.20
2009.01.07 04:46:03.157,1.39615,1.3973,1.60,1.20
2009.01.07 04:46:03.427,1.3962,1.3974,1.60,1.20
2009.01.07 04:46:04.176,1.3962,1.3974,4.80,1.20
2009.01.07 04:46:05.666,1.3962,1.3974,3.20,1.20
2009.01.07 04:46:06.246,1.3962,1.39745,3.20,1.20
2009.01.07 04:46:08.346,1.39625,1.3975,3.20,1.20
2009.01.07 04:46:11.925,1.3967,1.3975,1.60,1.20
2009.01.07 04:46:11.985,1.3967,1.39775,1.60,1.20
2009.01.07 04:46:12.045,1.3967,1.3978,1.60,2.80
2009.01.07 04:46:12.735,1.3967,1.39775,1.60,2.00
2009.01.07 04:46:13.074,1.3964,1.39755,1.60,1.60
2009.01.07 04:46:13.424,1.3961,1.3975,3.20,4.80
2009.01.07 04:46:13.935,1.39605,1.3975,3.20,6.00
2009.01.07 04:46:14.114,1.39605,1.3974,4.80,6.00
2009.01.07 04:46:18.403,1.39615,1.39725,4.80,1.60
2009.01.07 04:46:19.043,1.3961,1.397,1.60,1.60
2009.01.07 04:46:24.322,1.39615,1.39675,1.60,1.60
2009.01.07 04:46:24.742,1.39615,1.3968,1.60,1.60
2009.01.07 04:46:30.320,1.39615,1.3968,1.60,1.60
2009.01.07 04:46:30.550,1.39615,1.3967,1.60,1.60
2009.01.07 04:46:30.670,1.39615,1.39665,1.60,1.60
2009.01.07 04:46:34.819,1.3961,1.39655,1.60,1.60
2009.01.07 04:46:35.799,1.39605,1.39655,1.60,1.60
2009.01.07 04:46:35.959,1.396,1.39655,1.60,1.60
2009.01.07 04:46:37.019,1.396,1.39645,1.60,1.60
2009.01.07 04:46:37.699,1.39595,1.39645,1.60,1.60
2009.01.07 04:46:42.687,1.39605,1.3964,1.60,1.60
2009.01.07 04:46:47.186,1.39565,1.39625,1.60,1.60
2009.01.07 04:46:52.705,1.3959,1.39625,1.60,1.60
2009.01.07 04:46:57.964,1.39575,1.39625,1.60,1.60
2009.01.07 04:46:59.094,1.3959,1.39665,1.60,3.20
2009.01.07 04:46:59.503,1.39555,1.39645,1.60,1.60
2009.01.07 04:47:00.093,1.39555,1.3965,1.60,1.60
2009.01.07 04:47:00.333,1.3956,1.3964,1.60,1.60
2009.01.07 04:47:01.183,1.3957,1.39655,1.60,3.20
2009.01.07 04:47:01.303,1.39585,1.3965,1.60,1.60
2009.01.07 04:47:01.483,1.39585,1.3966,1.60,1.60
2009.01.07 04:47:04.702,1.3959,1.39655,1.60,1.60
2009.01.07 04:47:08.181,1.3959,1.39655,1.60,3.20
2009.01.07 04:47:08.951,1.39585,1.39645,1.60,3.20
2009.01.07 04:47:13.040,1.39575,1.39645,1.60,3.20
2009.01.07 04:47:23.137,1.39575,1.39635,1.60,1.60
2009.01.07 04:47:29.856,1.3957,1.3963,1.60,1.60
2009.01.07 04:47:29.976,1.3956,1.3963,1.60,1.60
2009.01.07 04:47:37.144,1.3956,1.3963,3.20,1.60
2009.01.07 04:47:37.844,1.3957,1.3964,1.60,3.20
2009.01.07 04:47:42.353,1.39565,1.39625,1.60,1.60
2009.01.07 04:47:42.413,1.39575,1.39625,1.60,1.60
2009.01.07 04:47:51.641,1.3959,1.3963,1.60,1.60
2009.01.07 04:47:52.421,1.39575,1.3963,1.60,1.60
2009.01.07 04:47:53.290,1.39585,1.3964,1.60,1.60
2009.01.07 04:47:54.170,1.39575,1.3964,3.20,1.60
2009.01.07 04:47:56.250,1.39595,1.39645,1.60,1.60
2009.01.07 04:47:57.129,1.39565,1.3964,3.20,1.60
2009.01.07 04:47:58.859,1.3959,1.3964,1.60,1.60
2009.01.07 04:48:00.049,1.3959,1.39645,1.60,1.60
2009.01.07 04:48:00.938,1.3959,1.39645,3.20,1.60
2009.01.07 04:48:02.468,1.3959,1.39645,1.60,1.60
2009.01.07 04:48:03.958,1.3959,1.3964,1.60,1.60
2009.01.07 04:48:04.858,1.3958,1.3963,1.60,1.60
2009.01.07 04:48:18.894,1.3959,1.39635,1.60,1.60
2009.01.07 04:48:38.999,1.3958,1.3963,1.60,1.60
2009.01.07 04:48:42.648,1.3959,1.39635,1.60,1.60
2009.01.07 04:48:56.685,1.39595,1.39635,1.60,1.60
2009.01.07 04:49:05.973,1.39605,1.39645,1.60,1.60
2009.01.07 04:49:07.203,1.39605,1.39635,1.60,1.60
2009.01.07 04:49:09.792,1.39605,1.39645,1.60,1.60
2009.01.07 04:49:10.831,1.39605,1.39635,1.60,1.60
2009.01.07 04:49:15.391,1.396,1.3963,1.60,1.60
2009.01.07 04:49:15.951,1.39605,1.39635,1.60,1.60
2009.01.07 04:49:16.360,1.396,1.3963,1.60,1.60
2009.01.07 04:49:16.870,1.39595,1.39645,1.60,1.60
2009.01.07 04:49:24.028,1.39605,1.39645,1.60,1.60
2009.01.07 04:49:26.618,1.39595,1.39645,1.60,1.60
2009.01.07 04:49:27.198,1.39605,1.39645,1.60,1.60
2009.01.07 04:49:27.477,1.39595,1.39645,1.60,1.60
2009.01.07 04:49:30.977,1.39595,1.39645,3.20,1.60
2009.01.07 04:49:31.707,1.39595,1.39645,1.60,1.60
2009.01.07 04:49:34.396,1.39595,1.39645,3.20,1.60
2009.01.07 04:49:38.725,1.39595,1.39645,1.60,1.60
2009.01.07 04:49:53.661,1.39595,1.39645,3.20,1.60
2009.01.07 04:49:54.511,1.39605,1.39645,1.60,1.60
2009.01.07 04:49:56.921,1.39605,1.3965,1.60,1.60
2009.01.07 04:50:20.815,1.39615,1.3965,1.60,1.60
2009.01.07 04:50:21.205,1.39625,1.39665,1.60,1.60
2009.01.07 04:50:21.445,1.39615,1.39665,3.20,1.60
2009.01.07 04:50:21.744,1.39615,1.39665,1.60,1.60
2009.01.07 04:50:37.581,1.396,1.39665,1.60,1.60
2009.01.07 04:50:41.460,1.39595,1.39655,1.60,1.60
2009.01.07 04:50:50.328,1.396,1.39655,1.60,1.60
2009.01.07 04:50:56.296,1.3961,1.39665,1.60,1.60
2009.01.07 04:50:59.645,1.396,1.39665,1.60,1.60
2009.01.07 04:51:14.672,1.396,1.39665,1.60,3.20
2009.01.07 04:51:15.072,1.396,1.39665,1.60,1.60
2009.01.07 04:51:31.568,1.39575,1.3966,1.60,1.60
2009.01.07 04:51:31.858,1.3956,1.3966,1.60,2.80
2009.01.07 04:51:32.087,1.3955,1.3966,1.60,2.80
2009.01.07 04:51:32.477,1.39545,1.3966,1.60,2.80
2009.01.07 04:51:33.097,1.39565,1.3966,1.60,1.20
2009.01.07 04:51:38.726,1.39565,1.39655,1.60,2.80
2009.01.07 04:51:38.966,1.3956,1.3965,1.60,1.60
2009.01.07 04:51:39.706,1.39565,1.39655,1.60,2.80
2009.01.07 04:51:44.115,1.39565,1.39655,1.60,1.60
2009.01.07 04:51:53.312,1.39575,1.39655,1.60,1.60
2009.01.07 04:51:58.291,1.39575,1.3966,1.60,1.60
2009.01.07 04:52:06.059,1.3958,1.39665,1.60,1.60
2009.01.07 04:52:06.579,1.3958,1.39665,1.60,2.80
2009.01.07 04:52:06.689,1.39575,1.39665,1.60,2.80
2009.01.07 04:52:08.089,1.39575,1.39665,1.60,1.60
2009.01.07 04:52:16.567,1.39575,1.39665,1.60,1.60
2009.01.07 04:52:17.267,1.39575,1.3967,1.60,1.20
2009.01.07 04:52:19.706,1.39575,1.39665,1.60,1.60
2009.01.07 04:52:31.113,1.3958,1.3967,1.60,3.20
2009.01.07 04:52:31.173,1.3958,1.3967,1.60,1.60
2009.01.07 04:52:33.243,1.396,1.3967,1.60,1.60
2009.01.07 04:52:33.763,1.39605,1.3968,1.60,3.20
2009.01.07 04:52:34.313,1.39615,1.3968,1.60,1.60
2009.01.07 04:52:46.100,1.3961,1.3967,1.60,1.60
2009.01.07 04:53:00.786,1.39615,1.3968,1.60,3.20
2009.01.07 04:53:01.266,1.39615,1.3968,1.60,1.60
2009.01.07 04:53:42.536,1.39615,1.39685,1.60,1.60
2009.01.07 04:53:43.106,1.39615,1.397,1.60,1.20
2009.01.07 04:53:44.166,1.39615,1.39705,1.60,2.80
2009.01.07 04:53:45.215,1.3958,1.39705,1.60,2.80
2009.01.07 04:53:46.835,1.396,1.39705,1.60,2.80
2009.01.07 04:53:48.085,1.396,1.39705,1.60,1.60
2009.01.07 04:53:48.645,1.396,1.39705,1.60,2.80
2009.01.07 04:53:49.185,1.3959,1.397,1.60,1.20
2009.01.07 04:53:51.104,1.39605,1.397,1.60,1.20
2009.01.07 04:54:03.581,1.3963,1.397,1.60,1.20
2009.01.07 04:54:03.981,1.3963,1.39705,1.60,2.80
2009.01.07 04:54:04.261,1.3963,1.39705,1.60,1.60
2009.01.07 04:54:10.269,1.39635,1.39705,1.60,2.80
2009.01.07 04:54:11.139,1.39635,1.397,1.60,1.20
2009.01.07 04:54:11.259,1.3961,1.39705,1.60,1.60
2009.01.07 04:54:11.649,1.3961,1.39705,1.60,6.00
2009.01.07 04:54:12.449,1.39615,1.39705,1.60,1.60
2009.01.07 04:54:24.616,1.39615,1.39705,1.60,3.20
2009.01.07 04:54:25.246,1.39615,1.39695,1.60,1.60
2009.01.07 04:54:30.255,1.39615,1.39695,1.60,4.80
2009.01.07 04:54:30.594,1.39615,1.3967,1.60,1.60
2009.01.07 04:54:37.193,1.39615,1.39685,1.60,1.60
2009.01.07 04:54:39.182,1.39615,1.39695,1.60,3.20
2009.01.07 04:54:39.973,1.39615,1.39695,1.60,1.60
2009.01.07 04:54:40.562,1.39615,1.397,1.60,3.20
2009.01.07 04:54:41.132,1.39615,1.39705,1.60,3.20
2009.01.07 04:54:45.641,1.3961,1.397,1.60,1.60
2009.01.07 04:54:46.341,1.39615,1.397,1.60,1.60
2009.01.07 04:54:47.900,1.39615,1.3971,1.60,4.80
2009.01.07 04:54:48.011,1.39615,1.3971,1.60,3.20
2009.01.07 04:54:49.090,1.39615,1.39715,1.60,1.60
2009.01.07 04:54:49.790,1.3963,1.3972,1.60,4.80
2009.01.07 04:54:50.251,1.3963,1.3973,1.60,1.60
2009.01.07 04:54:50.470,1.3964,1.39735,1.60,1.60
2009.01.07 04:54:52.079,1.3965,1.3974,1.60,1.60
2009.01.07 04:54:52.479,1.39635,1.3975,1.60,4.80
2009.01.07 04:54:52.589,1.39625,1.3974,1.60,1.60
2009.01.07 04:54:53.199,1.3963,1.39745,1.60,1.60
2009.01.07 04:54:53.669,1.3963,1.3974,1.60,3.20
2009.01.07 04:54:53.909,1.3963,1.3975,1.60,4.80
2009.01.07 04:54:55.888,1.39625,1.3974,1.60,3.20
2009.01.07 04:54:56.688,1.39625,1.39745,1.60,1.60
2009.01.07 04:54:57.318,1.39625,1.3975,1.60,4.80
2009.01.07 04:54:57.829,1.39625,1.3974,1.60,3.20
2009.01.07 04:54:58.208,1.39625,1.3975,1.60,3.20
2009.01.07 04:54:58.618,1.39635,1.3975,1.60,3.20
2009.01.07 04:54:59.308,1.39625,1.39775,1.60,4.80
2009.01.07 04:54:59.758,1.39635,1.39775,1.60,3.20
2009.01.07 04:55:00.337,1.3963,1.3978,1.60,3.20
2009.01.07 04:55:00.627,1.39645,1.3978,1.60,3.20
2009.01.07 04:55:01.777,1.39645,1.3978,1.60,4.80
2009.01.07 04:55:01.897,1.39645,1.3977,1.60,3.20
2009.01.07 04:55:03.986,1.39645,1.3977,1.60,4.80
2009.01.07 04:55:05.236,1.39645,1.3977,1.60,3.20
2009.01.07 04:55:07.816,1.39645,1.3978,1.60,4.80
2009.01.07 04:55:08.555,1.39645,1.3977,1.60,3.20
2009.01.07 04:55:09.245,1.39655,1.3977,1.60,3.20
2009.01.07 04:55:09.875,1.39655,1.3978,1.60,4.80
2009.01.07 04:55:09.995,1.39655,1.3978,1.60,3.20
2009.01.07 04:55:12.425,1.39655,1.3977,1.60,3.20
2009.01.07 04:55:12.874,1.39645,1.3977,1.60,3.20
2009.01.07 04:55:14.754,1.3965,1.3977,1.60,3.20
2009.01.07 04:55:17.553,1.39645,1.3977,1.60,3.20
2009.01.07 04:55:20.453,1.39645,1.3976,1.60,3.20
2009.01.07 04:55:22.512,1.3965,1.3976,1.60,3.20
2009.01.07 04:55:30.400,1.3965,1.3977,1.60,4.80
2009.01.07 04:55:30.920,1.3965,1.3976,1.60,3.20
2009.01.07 04:55:32.180,1.3965,1.3976,1.60,4.80
2009.01.07 04:55:32.819,1.3965,1.3976,1.60,3.20
2009.01.07 04:55:34.549,1.3964,1.3976,1.60,3.20
2009.01.07 04:55:36.078,1.3964,1.39755,1.60,1.60
2009.01.07 04:55:38.458,1.3964,1.3976,1.60,3.20
2009.01.07 04:55:38.918,1.3965,1.3976,1.60,3.20
2009.01.07 04:55:40.288,1.3965,1.3976,1.60,4.80
2009.01.07 04:55:43.487,1.3966,1.3976,1.60,4.80
2009.01.07 04:55:43.547,1.3966,1.3976,1.60,1.60
2009.01.07 04:55:44.647,1.3967,1.3976,1.60,3.20
2009.01.07 04:55:44.987,1.3967,1.3977,1.60,4.80
2009.01.07 04:55:47.016,1.39665,1.3977,1.60,4.80
2009.01.07 04:55:47.596,1.39665,1.3976,1.60,3.20
2009.01.07 04:55:48.815,1.39665,1.39745,1.60,1.60
2009.01.07 04:55:49.605,1.39665,1.3974,1.60,1.60
2009.01.07 04:55:50.305,1.39665,1.3972,1.60,1.60
2009.01.07 04:55:52.785,1.39665,1.39725,1.60,1.60
2009.01.07 04:55:54.854,1.39665,1.39715,1.60,1.60
2009.01.07 04:55:55.204,1.39665,1.3971,1.60,1.60
2009.01.07 04:55:56.184,1.39665,1.39715,1.60,1.60
2009.01.07 04:55:58.893,1.39665,1.3971,1.60,1.60
2009.01.07 04:56:11.450,1.39665,1.3972,1.60,1.60
2009.01.07 04:56:11.630,1.39665,1.39735,1.60,1.60
2009.01.07 04:56:17.379,1.39675,1.39735,1.60,1.60
2009.01.07 04:56:17.829,1.39675,1.39745,1.60,1.60
2009.01.07 04:56:17.939,1.39675,1.39745,1.60,2.40
2009.01.07 04:56:18.049,1.39675,1.39735,1.60,1.60
2009.01.07 04:56:18.279,1.39665,1.39735,1.60,1.60
2009.01.07 04:56:25.567,1.39675,1.39735,1.60,1.60
2009.01.07 04:56:25.727,1.39675,1.39745,1.60,1.60
2009.01.07 04:56:36.564,1.3968,1.39745,1.60,1.60
2009.01.07 04:56:36.674,1.3968,1.3975,1.60,1.60
2009.01.07 04:56:40.233,1.3968,1.39755,1.60,3.20
2009.01.07 04:56:40.343,1.39675,1.39745,1.60,1.60
2009.01.07 04:56:44.682,1.39665,1.39735,1.60,1.60
2009.01.07 04:56:45.212,1.3966,1.39735,1.60,1.60
2009.01.07 04:56:45.542,1.3966,1.3973,1.60,1.60
2009.01.07 04:56:46.242,1.3966,1.3973,1.60,3.20
2009.01.07 04:56:46.582,1.39665,1.3973,1.60,3.20
2009.01.07 04:56:47.032,1.39665,1.39735,1.60,1.60
2009.01.07 04:56:47.361,1.39665,1.39735,1.60,3.20
2009.01.07 04:56:48.001,1.39675,1.39735,1.60,1.60
2009.01.07 04:56:48.701,1.39675,1.39725,1.60,1.60
2009.01.07 04:56:50.131,1.3968,1.39735,1.60,1.60
2009.01.07 04:56:50.990,1.3968,1.3973,1.60,1.60
2009.01.07 04:56:54.600,1.3969,1.3974,1.60,1.60
2009.01.07 04:56:58.519,1.3969,1.39745,1.60,1.60
2009.01.07 04:56:59.269,1.3969,1.3974,1.60,1.60
2009.01.07 04:57:02.708,1.39695,1.3974,1.60,1.60
2009.01.07 04:57:03.918,1.39695,1.39775,1.60,1.60
2009.01.07 04:57:05.067,1.39695,1.3976,1.60,1.00
2009.01.07 04:57:05.407,1.3967,1.3974,1.60,1.60
2009.01.07 04:57:05.637,1.39665,1.3974,1.60,1.60
2009.01.07 04:57:06.387,1.39685,1.3973,1.60,1.60
2009.01.07 04:57:06.957,1.39655,1.3972,1.60,1.60
2009.01.07 04:57:07.557,1.3966,1.3972,1.60,1.60
2009.01.07 04:57:07.907,1.3966,1.39735,1.60,3.20
2009.01.07 04:57:08.087,1.3967,1.3974,1.60,4.80
2009.01.07 04:57:08.486,1.39685,1.39735,1.60,1.60
2009.01.07 04:57:09.176,1.39685,1.3974,1.60,1.60
2009.01.07 04:57:09.756,1.3969,1.39745,1.60,1.60
2009.01.07 04:57:10.106,1.3969,1.39755,1.60,3.20
2009.01.07 04:57:10.496,1.3968,1.39755,1.60,1.60
2009.01.07 04:57:11.106,1.3968,1.39765,1.60,4.80
2009.01.07 04:57:11.526,1.39675,1.39755,1.60,1.60
2009.01.07 04:57:15.035,1.3966,1.39745,1.60,1.60
2009.01.07 04:57:18.924,1.39655,1.39735,1.60,1.60
2009.01.07 04:57:19.614,1.39645,1.3973,1.60,1.60
2009.01.07 04:57:30.371,1.3965,1.39735,1.60,1.60
2009.01.07 04:57:43.978,1.39655,1.3974,1.60,3.20
2009.01.07 04:57:44.498,1.39655,1.3974,3.20,1.60
2009.01.07 04:57:46.317,1.39655,1.3974,1.60,1.60
2009.01.07 04:58:21.229,1.39655,1.3974,3.20,1.60
2009.01.07 04:58:48.142,1.39665,1.3974,1.60,1.60
2009.01.07 04:58:48.252,1.39665,1.3975,1.60,1.60
2009.01.07 04:58:48.362,1.39665,1.3974,1.60,1.60
2009.01.07 04:58:48.832,1.39665,1.3975,1.60,1.60
2009.01.07 04:58:51.002,1.39655,1.3974,3.20,1.60
2009.01.07 04:58:54.971,1.39655,1.3973,3.20,1.60
2009.01.07 04:59:00.219,1.39655,1.3974,3.20,3.20
2009.01.07 04:59:11.017,1.39665,1.39735,1.60,1.60
2009.01.07 04:59:11.257,1.39665,1.3975,1.60,1.60
2009.01.07 04:59:12.346,1.39655,1.3974,3.20,1.60
2009.01.07 04:59:12.457,1.39655,1.3974,3.20,3.20
2009.01.07 04:59:20.734,1.3966,1.39735,1.60,1.60
2009.01.07 04:59:20.974,1.3965,1.39735,1.60,1.60
2009.01.07 04:59:28.833,1.3965,1.3975,1.60,1.60
2009.01.07 04:59:31.342,1.3965,1.3975,3.20,1.60
2009.01.07 04:59:34.701,1.3965,1.3975,1.60,1.60
2009.01.07 04:59:56.636,1.3965,1.3975,1.60,3.20
2009.01.07 04:59:57.186,1.3965,1.39745,1.60,1.60
