2013.05.23 03:00:00.014,1.55043,1.55067,1.13,1.13
2013.05.23 03:00:03.382,1.55043,1.55072,1.50,1.69
2013.05.23 03:00:03.925,1.55042,1.55066,1.50,1.69
2013.05.23 03:00:04.043,1.55037,1.55065,1.88,1.13
2013.05.23 03:00:04.103,1.55037,1.55065,1.13,2.63
2013.05.23 03:00:04.583,1.55035,1.55061,2.44,1.50
2013.05.23 03:00:05.136,1.55035,1.5506,1.50,1.69
2013.05.23 03:00:05.445,1.55035,1.55059,1.50,1.69
2013.05.23 03:00:05.564,1.55035,1.55059,1.50,1.69
2013.05.23 03:00:05.746,1.55035,1.55059,1.50,1.69
2013.05.23 03:00:09.884,1.55033,1.55056,1.13,1.50
2013.05.23 03:00:09.947,1.5503,1.55056,3.19,1.50
2013.05.23 03:00:10.254,1.5503,1.55053,2.25,1.50
2013.05.23 03:00:11.391,1.5503,1.55053,2.25,1.88
2013.05.23 03:00:12.503,1.5503,1.55053,2.25,1.88
2013.05.23 03:00:14.354,1.55027,1.55053,2.44,1.50
2013.05.23 03:00:14.414,1.55024,1.55053,1.69,1.50
2013.05.23 03:00:14.475,1.55023,1.55053,1.69,1.50
2013.05.23 03:00:14.593,1.55023,1.55053,1.69,2.25
2013.05.23 03:00:15.323,1.55023,1.55053,1.69,1.50
2013.05.23 03:00:16.103,1.55023,1.55053,2.44,1.50
2013.05.23 03:00:16.976,1.55021,1.55052,1.69,1.50
2013.05.23 03:00:17.223,1.55021,1.55052,2.44,1.50
2013.05.23 03:00:21.434,1.55023,1.55052,1.69,1.50
2013.05.23 03:00:21.795,1.55024,1.55053,1.69,1.13
2013.05.23 03:00:22.964,1.55023,1.55053,2.44,1.13
2013.05.23 03:00:25.024,1.55023,1.5505,1.50,1.69
2013.05.23 03:00:25.537,1.55019,1.55048,1.50,2.07
2013.05.23 03:00:38.355,1.55019,1.55045,1.69,1.50
2013.05.23 03:00:39.064,1.55019,1.55046,1.69,1.50
2013.05.23 03:00:45.583,1.5502,1.55048,1.50,1.13
2013.05.23 03:00:45.703,1.55021,1.55048,1.50,1.13
2013.05.23 03:00:45.944,1.55021,1.55051,1.50,2.07
2013.05.23 03:00:46.573,1.55021,1.5505,1.50,1.69
2013.05.23 03:00:47.128,1.55021,1.5505,1.50,1.69
2013.05.23 03:00:50.786,1.55021,1.55049,1.50,1.32
2013.05.23 03:00:52.674,1.55021,1.5505,1.50,1.69
2013.05.23 03:00:53.683,1.55021,1.5505,1.50,1.69
2013.05.23 03:00:55.877,1.5502,1.5505,1.69,1.69
2013.05.23 03:00:56.194,1.5502,1.55049,1.50,3.19
2013.05.23 03:00:56.756,1.5502,1.55049,1.50,3.19
2013.05.23 03:00:59.154,1.55019,1.55049,1.50,1.50
2013.05.23 03:00:59.214,1.55018,1.55049,1.69,1.50
2013.05.23 03:00:59.334,1.55019,1.5505,3.38,2.44
2013.05.23 03:00:59.884,1.55019,1.5505,3.83,2.44
2013.05.23 03:01:05.473,1.55022,1.5505,1.50,2.25
2013.05.23 03:01:08.624,1.55019,1.5505,1.69,1.69
2013.05.23 03:01:09.998,1.55021,1.55047,1.50,1.13
2013.05.23 03:01:11.214,1.55019,1.55047,1.69,1.13
2013.05.23 03:01:11.775,1.55022,1.55048,1.50,1.13
2013.05.23 03:01:30.849,1.55017,1.55045,1.50,2.25
2013.05.23 03:01:31.334,1.55017,1.55044,1.50,1.32
2013.05.23 03:01:32.398,1.55014,1.55044,1.50,1.32
2013.05.23 03:01:32.467,1.55014,1.55042,1.50,1.50
2013.05.23 03:01:36.905,1.55014,1.55041,1.50,1.13
2013.05.23 03:01:39.983,1.55013,1.55041,1.69,2.63
2013.05.23 03:01:40.164,1.55012,1.55041,2.44,2.63
2013.05.23 03:01:41.244,1.55011,1.55038,2.44,1.13
2013.05.23 03:01:43.125,1.55011,1.55037,1.69,1.88
2013.05.23 03:01:46.984,1.55011,1.5504,3.19,1.13
2013.05.23 03:01:47.044,1.55013,1.55043,1.32,2.07
2013.05.23 03:01:47.104,1.55013,1.55043,2.07,1.32
2013.05.23 03:01:47.344,1.55019,1.55048,1.50,2.44
2013.05.23 03:01:47.404,1.55018,1.55048,1.32,3.19
2013.05.23 03:01:47.764,1.55015,1.55045,1.50,1.69
2013.05.23 03:01:47.883,1.55015,1.55047,3.00,1.32
2013.05.23 03:01:48.966,1.55021,1.55049,1.50,3.19
2013.05.23 03:01:49.565,1.55021,1.55042,1.69,1.50
2013.05.23 03:01:49.626,1.55021,1.55042,2.44,1.50
2013.05.23 03:01:49.864,1.55019,1.55042,1.69,1.50
2013.05.23 03:01:55.154,1.55014,1.55042,1.69,1.50
2013.05.23 03:01:56.094,1.55016,1.55041,1.69,1.13
2013.05.23 03:01:59.165,1.55015,1.55022,1.50,1.13
2013.05.23 03:01:59.225,1.55009,1.55015,1.50,1.88
2013.05.23 03:01:59.295,1.55004,1.55012,1.50,1.13
2013.05.23 03:01:59.355,1.5499,1.55012,1.50,1.13
2013.05.23 03:01:59.415,1.54987,1.55011,1.50,1.32
2013.05.23 03:01:59.486,1.54984,1.55011,1.50,1.32
2013.05.23 03:01:59.853,1.54981,1.55009,2.07,1.13
2013.05.23 03:01:59.974,1.54981,1.55007,1.69,1.50
2013.05.23 03:02:00.214,1.54981,1.5501,2.07,1.69
2013.05.23 03:02:00.708,1.54985,1.55011,1.50,2.07
2013.05.23 03:02:01.014,1.54994,1.55018,1.50,1.69
2013.05.23 03:02:01.373,1.54992,1.55019,1.50,3.19
2013.05.23 03:02:01.664,1.5499,1.55018,1.50,1.69
2013.05.23 03:02:01.724,1.5499,1.55018,1.50,1.69
2013.05.23 03:02:02.024,1.5499,1.55016,1.50,1.69
2013.05.23 03:02:02.144,1.5499,1.55019,1.50,1.69
2013.05.23 03:02:02.324,1.5499,1.55016,1.50,2.25
2013.05.23 03:02:02.624,1.54987,1.55016,1.69,1.50
2013.05.23 03:02:02.805,1.54987,1.55014,1.69,1.13
2013.05.23 03:02:03.385,1.54987,1.55012,1.50,1.50
2013.05.23 03:02:03.566,1.54983,1.55008,1.69,1.50
2013.05.23 03:02:03.636,1.5498,1.55007,1.32,1.13
2013.05.23 03:02:03.764,1.54977,1.55006,2.07,1.13
2013.05.23 03:02:04.962,1.54977,1.55006,1.69,1.13
2013.05.23 03:02:05.415,1.54976,1.55005,2.25,2.07
2013.05.23 03:02:05.478,1.54974,1.55003,2.07,1.13
2013.05.23 03:02:05.605,1.54974,1.55001,1.13,1.09
2013.05.23 03:02:05.665,1.54974,1.55004,1.13,2.59
2013.05.23 03:02:05.845,1.54974,1.55003,1.50,1.50
2013.05.23 03:02:06.204,1.5498,1.55007,1.50,1.69
2013.05.23 03:02:06.265,1.54974,1.55005,1.69,1.69
2013.05.23 03:02:06.325,1.54973,1.55005,3.19,1.69
2013.05.23 03:02:06.685,1.54974,1.55006,1.69,1.69
2013.05.23 03:02:07.045,1.54974,1.55005,1.69,1.69
2013.05.23 03:02:09.024,1.54973,1.55,1.13,1.32
2013.05.23 03:02:09.102,1.54968,1.54995,1.88,1.69
2013.05.23 03:02:09.166,1.54967,1.54995,1.13,1.69
2013.05.23 03:02:09.569,1.54966,1.54995,1.50,1.32
2013.05.23 03:02:09.995,1.54967,1.54995,1.50,1.32
2013.05.23 03:02:10.235,1.54965,1.54995,2.63,1.32
2013.05.23 03:02:10.294,1.54966,1.54995,1.50,1.32
2013.05.23 03:02:10.623,1.54964,1.54992,1.13,1.32
2013.05.23 03:02:10.874,1.54964,1.54992,1.13,1.32
2013.05.23 03:02:11.376,1.54964,1.54992,1.13,1.32
2013.05.23 03:02:11.846,1.54964,1.54992,1.13,1.69
2013.05.23 03:02:12.155,1.54962,1.54989,1.50,1.65
2013.05.23 03:02:15.337,1.5496,1.54987,1.69,1.13
2013.05.23 03:02:17.338,1.5496,1.54987,1.69,1.13
2013.05.23 03:02:17.885,1.54958,1.54986,2.44,1.13
2013.05.23 03:02:17.946,1.54958,1.54987,2.07,1.50
2013.05.23 03:02:18.197,1.54962,1.54989,1.13,1.13
2013.05.23 03:02:18.265,1.54962,1.54993,1.88,2.44
2013.05.23 03:02:18.326,1.54963,1.54993,1.13,1.69
2013.05.23 03:02:19.883,1.54963,1.54991,1.13,2.07
2013.05.23 03:02:20.064,1.54962,1.54991,1.13,2.82
2013.05.23 03:02:20.575,1.54962,1.5499,1.13,2.07
2013.05.23 03:02:21.115,1.54959,1.54988,2.25,1.32
2013.05.23 03:02:21.191,1.54956,1.54984,1.69,1.13
2013.05.23 03:02:21.314,1.54957,1.54985,1.32,1.13
2013.05.23 03:02:22.635,1.54957,1.54985,1.88,1.69
2013.05.23 03:02:23.305,1.54957,1.54985,1.50,2.07
2013.05.23 03:02:25.755,1.54955,1.54983,1.13,1.69
2013.05.23 03:02:25.814,1.54955,1.54983,1.50,2.44
2013.05.23 03:02:26.354,1.54955,1.54981,1.50,1.50
2013.05.23 03:02:26.655,1.5495,1.54977,1.50,1.69
2013.05.23 03:02:27.103,1.5495,1.54977,1.88,2.44
2013.05.23 03:02:29.396,1.5495,1.54977,2.07,2.07
2013.05.23 03:02:29.579,1.54954,1.54981,1.13,1.13
2013.05.23 03:02:29.645,1.54957,1.54984,2.82,1.32
2013.05.23 03:02:30.246,1.54958,1.54985,2.25,1.32
2013.05.23 03:02:32.226,1.54959,1.54987,1.50,1.69
2013.05.23 03:02:32.426,1.54968,1.54994,1.50,1.88
2013.05.23 03:02:32.496,1.5497,1.54994,2.25,1.13
2013.05.23 03:02:32.556,1.5497,1.54994,1.50,1.13
2013.05.23 03:02:32.744,1.54969,1.54994,2.63,1.13
2013.05.23 03:02:33.403,1.54969,1.54994,1.50,1.50
2013.05.23 03:02:33.535,1.54959,1.54987,1.69,1.13
2013.05.23 03:02:33.775,1.54958,1.54988,3.57,1.28
2013.05.23 03:02:34.868,1.54963,1.54991,2.25,2.03
2013.05.23 03:02:34.935,1.54963,1.54993,2.63,1.88
2013.05.23 03:02:35.475,1.54968,1.54993,1.13,1.13
2013.05.23 03:02:35.549,1.54968,1.54992,1.13,1.13
2013.05.23 03:02:35.854,1.54963,1.54993,2.63,1.88
2013.05.23 03:02:36.214,1.54964,1.54992,1.50,1.13
2013.05.23 03:02:36.515,1.54964,1.54992,1.50,1.13
2013.05.23 03:02:37.566,1.54966,1.54993,2.63,1.32
2013.05.23 03:02:37.875,1.54978,1.54997,1.50,1.13
2013.05.23 03:02:38.058,1.54978,1.55005,3.00,1.50
2013.05.23 03:02:38.592,1.54978,1.55007,1.50,2.44
2013.05.23 03:02:38.835,1.54978,1.55007,1.50,3.57
2013.05.23 03:02:39.139,1.54976,1.55002,1.13,1.32
2013.05.23 03:02:39.216,1.54976,1.55003,1.13,2.82
2013.05.23 03:02:39.534,1.54976,1.55002,1.13,1.32
2013.05.23 03:02:40.057,1.54976,1.55,1.13,1.13
2013.05.23 03:02:40.304,1.54976,1.54998,1.13,1.32
2013.05.23 03:02:41.176,1.54972,1.54998,1.13,1.32
2013.05.23 03:02:42.740,1.54971,1.54997,1.50,1.50
2013.05.23 03:02:42.806,1.54969,1.54994,2.07,1.13
2013.05.23 03:02:42.876,1.54969,1.54991,1.13,2.07
2013.05.23 03:02:43.005,1.54967,1.54991,1.50,1.69
2013.05.23 03:02:43.125,1.54969,1.54992,1.13,1.69
2013.05.23 03:02:43.882,1.54971,1.54997,1.50,1.32
2013.05.23 03:02:44.015,1.54972,1.54997,1.50,1.32
2013.05.23 03:02:51.624,1.54973,1.55,1.13,1.69
2013.05.23 03:02:51.927,1.54973,1.55,1.13,2.44
2013.05.23 03:02:53.137,1.54972,1.54995,1.50,1.50
2013.05.23 03:02:53.265,1.54968,1.54992,1.50,2.25
2013.05.23 03:02:53.326,1.54966,1.54985,1.50,1.13
2013.05.23 03:02:53.398,1.54964,1.54985,1.50,1.32
2013.05.23 03:02:53.466,1.54959,1.54985,1.50,1.32
2013.05.23 03:02:53.595,1.54958,1.54984,1.13,1.50
2013.05.23 03:02:54.236,1.54957,1.54984,1.50,1.50
2013.05.23 03:02:54.770,1.54957,1.54984,1.50,2.63
2013.05.23 03:02:55.249,1.54957,1.54984,1.50,1.50
2013.05.23 03:02:55.515,1.54957,1.54975,1.88,1.88
2013.05.23 03:02:55.576,1.54957,1.54973,1.13,1.09
2013.05.23 03:02:55.635,1.54955,1.54972,1.50,1.13
2013.05.23 03:02:55.696,1.54953,1.54972,1.35,1.13
2013.05.23 03:02:55.765,1.54948,1.54972,1.50,1.13
2013.05.23 03:02:55.824,1.54944,1.54972,1.69,1.13
2013.05.23 03:02:56.126,1.54944,1.54969,1.50,1.32
2013.05.23 03:02:56.764,1.54949,1.54974,1.50,1.69
2013.05.23 03:02:56.837,1.54948,1.54974,1.88,1.69
2013.05.23 03:02:57.085,1.54949,1.54974,2.63,1.69
2013.05.23 03:02:57.455,1.54951,1.54974,1.50,1.69
2013.05.23 03:02:57.695,1.5495,1.54973,1.13,1.32
2013.05.23 03:02:58.514,1.5495,1.54974,1.50,1.32
2013.05.23 03:02:58.775,1.5495,1.54974,1.50,2.44
2013.05.23 03:02:59.144,1.54944,1.54965,4.32,1.50
2013.05.23 03:02:59.384,1.5494,1.5497,2.82,1.32
2013.05.23 03:02:59.806,1.54954,1.54979,1.50,3.19
2013.05.23 03:03:00.044,1.54958,1.54984,2.25,1.32
2013.05.23 03:03:00.464,1.54959,1.5498,1.50,1.50
2013.05.23 03:03:00.787,1.54955,1.5498,2.25,1.50
2013.05.23 03:03:01.575,1.54957,1.5498,1.50,1.50
2013.05.23 03:03:02.453,1.54957,1.5498,1.50,1.50
2013.05.23 03:03:05.258,1.54959,1.54981,1.13,1.50
2013.05.23 03:03:07.565,1.54959,1.5498,1.13,1.50
2013.05.23 03:03:07.865,1.5496,1.54983,1.13,1.50
2013.05.23 03:03:11.304,1.54957,1.54981,2.07,1.13
2013.05.23 03:03:11.895,1.54957,1.54983,2.07,1.88
2013.05.23 03:03:12.375,1.5496,1.54983,1.13,1.88
2013.05.23 03:03:13.095,1.54955,1.54983,1.32,1.88
2013.05.23 03:03:13.155,1.54954,1.54983,2.44,1.88
2013.05.23 03:03:13.506,1.54954,1.5498,1.69,1.50
2013.05.23 03:03:13.565,1.54953,1.54979,1.69,1.13
2013.05.23 03:03:13.994,1.54952,1.54979,2.25,1.13
2013.05.23 03:03:14.724,1.54952,1.54979,1.50,1.88
2013.05.23 03:03:15.534,1.54952,1.5498,1.50,1.69
2013.05.23 03:03:17.034,1.54957,1.54983,1.50,1.50
2013.05.23 03:03:17.634,1.54957,1.54986,1.88,1.69
2013.05.23 03:03:18.104,1.54957,1.54986,1.88,1.69
2013.05.23 03:03:18.865,1.54957,1.54986,2.48,1.69
2013.05.23 03:03:19.174,1.54957,1.54986,2.48,1.69
2013.05.23 03:03:20.795,1.5496,1.54986,1.13,2.07
2013.05.23 03:03:20.944,1.54957,1.54986,1.69,2.07
2013.05.23 03:03:21.344,1.5496,1.54985,1.13,1.50
2013.05.23 03:03:21.854,1.54957,1.54985,1.50,1.50
2013.05.23 03:03:21.974,1.54957,1.54985,2.25,1.69
2013.05.23 03:03:22.154,1.54956,1.54984,2.25,1.69
2013.05.23 03:03:22.394,1.54958,1.54984,1.13,2.44
2013.05.23 03:03:22.455,1.54958,1.54984,1.13,2.07
2013.05.23 03:03:22.754,1.54961,1.54985,1.13,1.32
2013.05.23 03:03:23.295,1.5496,1.54984,1.13,2.07
2013.05.23 03:03:23.947,1.5496,1.54985,1.13,3.19
2013.05.23 03:03:25.790,1.54958,1.54985,1.32,2.25
2013.05.23 03:03:26.304,1.54959,1.54983,1.50,1.13
2013.05.23 03:03:30.654,1.54959,1.54983,1.50,1.50
2013.05.23 03:03:31.204,1.54959,1.54983,1.50,1.13
2013.05.23 03:03:33.265,1.5496,1.54985,1.88,1.69
2013.05.23 03:03:33.463,1.54963,1.54985,2.25,1.69
2013.05.23 03:03:33.525,1.54963,1.54987,2.25,1.32
2013.05.23 03:03:34.117,1.54964,1.54986,1.50,1.69
2013.05.23 03:03:35.045,1.54964,1.54987,1.50,1.13
2013.05.23 03:03:35.165,1.54964,1.54991,1.88,2.07
2013.05.23 03:03:35.224,1.54965,1.54991,1.50,2.07
2013.05.23 03:03:35.344,1.54964,1.54991,1.50,2.44
2013.05.23 03:03:35.404,1.54964,1.54987,2.25,1.13
2013.05.23 03:03:37.138,1.54961,1.54987,1.69,1.13
2013.05.23 03:03:37.207,1.54961,1.54987,1.50,2.82
2013.05.23 03:03:37.516,1.54954,1.5498,1.32,1.13
2013.05.23 03:03:37.644,1.54954,1.54983,1.50,3.57
2013.05.23 03:03:37.764,1.54954,1.54979,1.50,1.32
2013.05.23 03:03:38.069,1.54952,1.54977,1.50,1.32
2013.05.23 03:03:39.041,1.54954,1.54976,1.50,1.13
2013.05.23 03:03:39.704,1.54955,1.54975,1.13,1.13
2013.05.23 03:03:40.014,1.54956,1.54981,1.88,1.69
2013.05.23 03:03:40.254,1.54956,1.54981,1.88,1.69
2013.05.23 03:03:40.904,1.54956,1.54981,1.88,1.69
2013.05.23 03:03:41.144,1.54957,1.54981,1.50,1.69
2013.05.23 03:03:41.445,1.54952,1.54975,1.50,1.50
2013.05.23 03:03:41.626,1.54947,1.54974,2.25,1.09
2013.05.23 03:03:41.687,1.54947,1.54972,1.50,1.84
2013.05.23 03:03:41.755,1.54942,1.54969,2.25,1.32
2013.05.23 03:03:42.174,1.54946,1.5497,1.50,1.69
2013.05.23 03:03:42.724,1.54946,1.54969,2.25,1.69
2013.05.23 03:03:43.085,1.54948,1.5497,1.50,1.69
2013.05.23 03:03:43.444,1.54947,1.5497,1.50,1.69
2013.05.23 03:03:44.102,1.54947,1.54971,1.50,1.50
2013.05.23 03:03:44.377,1.54946,1.5497,1.50,2.25
2013.05.23 03:03:44.445,1.54946,1.54965,1.50,1.50
2013.05.23 03:03:44.506,1.54942,1.54964,1.13,1.32
2013.05.23 03:03:44.566,1.54938,1.54958,1.13,1.13
2013.05.23 03:03:44.806,1.54928,1.54956,1.50,1.69
2013.05.23 03:03:44.876,1.54929,1.54956,1.50,1.69
2013.05.23 03:03:45.236,1.54931,1.54956,1.50,1.69
2013.05.23 03:03:45.754,1.5493,1.54957,1.50,1.32
2013.05.23 03:03:46.256,1.54931,1.54956,1.50,1.69
2013.05.23 03:03:46.985,1.54932,1.54956,2.25,1.69
2013.05.23 03:03:47.287,1.54936,1.5496,1.50,1.69
2013.05.23 03:03:47.848,1.54933,1.54956,1.50,1.13
2013.05.23 03:03:47.915,1.54932,1.54956,2.25,1.32
2013.05.23 03:03:48.034,1.54925,1.54956,1.13,2.07
2013.05.23 03:03:48.094,1.54925,1.54956,1.50,2.82
2013.05.23 03:03:49.888,1.54929,1.54954,1.50,2.22
2013.05.23 03:03:49.962,1.54935,1.54958,1.50,1.69
2013.05.23 03:03:50.094,1.54936,1.5496,2.25,1.32
2013.05.23 03:03:50.655,1.54936,1.5496,2.25,1.32
2013.05.23 03:03:50.854,1.54934,1.54961,2.25,1.50
2013.05.23 03:03:50.914,1.54934,1.54961,2.25,1.50
2013.05.23 03:03:51.155,1.54935,1.5496,1.50,1.13
2013.05.23 03:03:51.397,1.54934,1.5496,2.25,1.13
2013.05.23 03:03:51.824,1.54935,1.5496,1.50,1.13
2013.05.23 03:03:56.084,1.54933,1.54958,1.50,2.82
2013.05.23 03:03:56.610,1.54932,1.54955,1.13,1.28
2013.05.23 03:03:56.746,1.5493,1.54955,1.13,1.28
2013.05.23 03:03:56.809,1.54928,1.54954,1.50,1.13
2013.05.23 03:03:56.876,1.54924,1.54952,1.50,1.69
2013.05.23 03:03:57.065,1.54919,1.54948,1.32,1.69
2013.05.23 03:03:57.245,1.54918,1.54948,2.44,2.22
2013.05.23 03:03:57.783,1.5492,1.54948,2.44,1.47
2013.05.23 03:03:59.426,1.54922,1.54945,2.25,1.50
2013.05.23 03:04:01.950,1.54923,1.54945,1.50,1.50
2013.05.23 03:04:02.275,1.54921,1.54942,1.50,2.44
2013.05.23 03:04:04.276,1.54915,1.54942,1.13,2.44
2013.05.23 03:04:04.345,1.54917,1.54941,1.13,1.50
2013.05.23 03:04:04.704,1.54918,1.54945,1.50,1.47
2013.05.23 03:04:04.884,1.54909,1.54938,1.13,2.07
2013.05.23 03:04:05.183,1.54909,1.54939,1.88,2.44
2013.05.23 03:04:05.304,1.54911,1.54938,1.88,1.69
2013.05.23 03:04:08.536,1.5492,1.54943,1.50,1.69
2013.05.23 03:04:08.964,1.54918,1.54943,1.50,1.69
2013.05.23 03:04:10.554,1.54918,1.54943,2.25,1.69
2013.05.23 03:04:11.084,1.5492,1.54943,1.50,1.69
2013.05.23 03:04:11.527,1.54923,1.54943,1.50,1.69
2013.05.23 03:04:11.965,1.54922,1.54937,1.50,1.13
2013.05.23 03:04:12.025,1.54917,1.54938,2.25,1.88
2013.05.23 03:04:12.096,1.5491,1.54936,1.69,1.69
2013.05.23 03:04:12.155,1.54908,1.54925,1.13,1.13
2013.05.23 03:04:12.215,1.54906,1.54925,1.50,1.13
2013.05.23 03:04:12.275,1.54904,1.54925,1.50,1.13
2013.05.23 03:04:12.395,1.54901,1.54925,1.50,1.13
2013.05.23 03:04:13.725,1.54903,1.54929,1.50,2.25
2013.05.23 03:04:13.785,1.54902,1.54929,1.50,1.50
2013.05.23 03:04:13.964,1.54905,1.54932,1.50,2.07
2013.05.23 03:04:14.025,1.54905,1.54932,1.50,2.07
2013.05.23 03:04:14.084,1.54905,1.54932,1.88,2.07
2013.05.23 03:04:14.327,1.54904,1.54932,1.13,2.82
2013.05.23 03:04:14.456,1.54905,1.54932,2.25,2.82
2013.05.23 03:04:14.515,1.54905,1.54932,2.25,1.32
2013.05.23 03:04:15.327,1.54907,1.54932,1.13,1.32
2013.05.23 03:04:15.731,1.54905,1.54933,1.88,1.50
2013.05.23 03:04:15.796,1.54905,1.54931,1.13,1.13
2013.05.23 03:04:17.144,1.54901,1.54929,1.50,2.44
2013.05.23 03:04:17.744,1.54901,1.54929,1.50,2.44
2013.05.23 03:04:18.314,1.54905,1.54929,1.50,1.69
2013.05.23 03:04:18.734,1.54908,1.54934,1.13,1.69
2013.05.23 03:04:18.915,1.54906,1.54933,2.25,1.32
2013.05.23 03:04:19.034,1.54905,1.54933,2.07,2.07
2013.05.23 03:04:19.154,1.54906,1.54933,1.50,1.32
2013.05.23 03:04:19.214,1.54907,1.54933,1.50,1.32
2013.05.23 03:04:19.573,1.5491,1.54934,2.25,1.69
2013.05.23 03:04:19.874,1.54912,1.54934,1.50,1.69
2013.05.23 03:04:20.234,1.54916,1.54936,1.50,1.13
2013.05.23 03:04:20.414,1.54916,1.54941,1.50,2.07
2013.05.23 03:04:20.654,1.54915,1.5494,1.50,1.13
2013.05.23 03:04:20.775,1.54912,1.54936,1.50,1.50
2013.05.23 03:04:20.835,1.54912,1.54932,1.50,1.28
2013.05.23 03:04:20.895,1.54906,1.54932,1.50,2.03
2013.05.23 03:04:21.195,1.54903,1.54931,1.69,2.25
2013.05.23 03:04:22.115,1.54905,1.54929,1.50,1.50
2013.05.23 03:04:22.425,1.54902,1.54928,1.88,2.25
2013.05.23 03:04:22.485,1.54902,1.54928,1.88,1.50
2013.05.23 03:04:22.544,1.54902,1.54928,1.13,1.50
2013.05.23 03:04:23.248,1.54906,1.5493,1.50,1.69
2013.05.23 03:04:23.856,1.54906,1.54928,1.50,1.13
2013.05.23 03:04:24.094,1.54905,1.54928,2.25,1.13
2013.05.23 03:04:24.155,1.54905,1.54928,2.25,1.13
2013.05.23 03:04:24.274,1.54905,1.54928,2.25,1.13
2013.05.23 03:04:24.336,1.54905,1.54932,2.25,1.32
2013.05.23 03:04:24.644,1.54912,1.54936,1.13,1.32
2013.05.23 03:04:25.064,1.5491,1.54933,1.50,1.69
2013.05.23 03:04:25.244,1.54906,1.54933,1.88,2.44
2013.05.23 03:04:25.484,1.54907,1.5493,2.25,1.13
2013.05.23 03:04:25.845,1.5491,1.5493,1.13,1.13
2013.05.23 03:04:25.964,1.5491,1.54932,1.13,1.69
2013.05.23 03:04:26.205,1.54911,1.54932,1.50,1.69
2013.05.23 03:04:26.564,1.54912,1.54937,1.13,1.32
2013.05.23 03:04:26.804,1.5491,1.54937,1.32,1.32
2013.05.23 03:04:27.165,1.54908,1.54934,1.50,1.69
2013.05.23 03:04:27.345,1.54905,1.54931,1.32,1.13
2013.05.23 03:04:27.894,1.54905,1.5493,1.32,1.13
2013.05.23 03:04:27.954,1.54906,1.5493,1.32,1.88
2013.05.23 03:04:30.074,1.54906,1.54928,1.32,1.50
2013.05.23 03:04:30.374,1.549,1.54928,1.69,1.32
2013.05.23 03:04:30.434,1.549,1.54928,1.69,1.32
2013.05.23 03:04:30.853,1.54903,1.54929,1.13,2.07
2013.05.23 03:04:32.375,1.54903,1.54925,1.13,1.50
2013.05.23 03:04:32.434,1.54899,1.54925,2.44,1.50
2013.05.23 03:04:32.494,1.54899,1.54925,1.32,1.50
2013.05.23 03:04:33.035,1.54897,1.54925,2.07,1.50
2013.05.23 03:04:33.425,1.54899,1.54925,1.88,2.25
2013.05.23 03:04:33.926,1.54893,1.54921,1.13,1.32
2013.05.23 03:04:34.044,1.54895,1.54921,1.50,1.32
2013.05.23 03:04:34.225,1.54893,1.54921,1.50,2.44
2013.05.23 03:04:34.285,1.54896,1.54921,2.25,2.44
2013.05.23 03:04:34.646,1.54898,1.54921,1.50,3.19
2013.05.23 03:04:34.894,1.54897,1.54921,1.50,2.44
2013.05.23 03:04:35.403,1.54897,1.5492,2.25,1.32
2013.05.23 03:04:35.955,1.54899,1.54921,1.50,1.50
2013.05.23 03:04:36.276,1.54899,1.54921,1.50,1.50
2013.05.23 03:04:36.634,1.54894,1.54921,2.07,1.50
2013.05.23 03:04:36.813,1.54894,1.54921,2.07,1.50
2013.05.23 03:04:36.964,1.54895,1.54919,1.32,1.13
2013.05.23 03:04:37.724,1.54895,1.54919,1.32,2.25
2013.05.23 03:04:38.384,1.54895,1.54919,2.07,1.50
2013.05.23 03:04:39.425,1.54895,1.5492,2.44,1.50
2013.05.23 03:04:41.775,1.54895,1.54921,2.44,1.50
2013.05.23 03:04:43.394,1.54895,1.54923,2.44,1.13
2013.05.23 03:04:44.466,1.54899,1.54927,2.07,1.50
2013.05.23 03:04:44.536,1.54901,1.54928,1.13,1.69
2013.05.23 03:04:44.785,1.549,1.54923,1.88,1.50
2013.05.23 03:04:45.095,1.549,1.5492,1.13,2.07
2013.05.23 03:04:45.217,1.54889,1.5492,1.69,1.69
2013.05.23 03:04:45.345,1.54892,1.54918,1.13,1.32
2013.05.23 03:04:45.751,1.54894,1.54918,1.50,1.32
2013.05.23 03:04:45.885,1.54892,1.54918,1.13,1.32
2013.05.23 03:04:46.005,1.5489,1.54918,1.32,1.32
2013.05.23 03:04:46.184,1.54889,1.54917,1.50,1.32
2013.05.23 03:04:46.485,1.54882,1.54907,1.32,1.50
2013.05.23 03:04:46.544,1.54879,1.54907,2.82,1.50
2013.05.23 03:04:46.793,1.54879,1.54909,2.07,1.32
2013.05.23 03:04:47.845,1.54881,1.54907,1.13,1.50
2013.05.23 03:04:48.025,1.54873,1.54902,2.44,2.25
2013.05.23 03:04:48.086,1.54873,1.54898,2.44,1.88
2013.05.23 03:04:48.444,1.5487,1.54894,1.13,1.13
2013.05.23 03:04:48.623,1.54865,1.54894,1.32,1.13
2013.05.23 03:04:48.865,1.54867,1.54895,1.13,2.25
2013.05.23 03:04:48.925,1.54867,1.54897,1.88,1.32
2013.05.23 03:04:49.045,1.5487,1.54898,1.13,2.44
2013.05.23 03:04:49.405,1.54875,1.54893,1.13,1.50
2013.05.23 03:04:49.710,1.54868,1.54893,2.07,1.50
2013.05.23 03:04:50.246,1.54868,1.54895,2.07,1.50
2013.05.23 03:04:50.854,1.54868,1.54895,1.69,1.50
2013.05.23 03:04:51.574,1.54869,1.54898,1.13,1.69
2013.05.23 03:04:51.634,1.54872,1.54899,1.69,1.13
2013.05.23 03:04:51.754,1.54878,1.54901,1.88,1.32
2013.05.23 03:04:51.816,1.54878,1.54905,1.88,2.25
2013.05.23 03:04:51.884,1.54883,1.54906,1.50,1.88
2013.05.23 03:04:52.065,1.54881,1.54906,2.25,1.13
2013.05.23 03:04:52.304,1.54882,1.54909,1.50,1.69
2013.05.23 03:04:54.193,1.54882,1.5491,1.32,2.44
2013.05.23 03:04:54.734,1.54883,1.5491,1.13,3.19
2013.05.23 03:04:55.413,1.54882,1.54909,1.69,1.13
2013.05.23 03:04:55.964,1.54882,1.5491,1.69,2.44
2013.05.23 03:04:56.024,1.54882,1.5491,1.69,1.32
2013.05.23 03:04:57.114,1.54884,1.54909,2.44,1.50
2013.05.23 03:04:57.839,1.54884,1.54909,1.69,2.25
2013.05.23 03:04:57.966,1.54883,1.54905,1.50,1.50
2013.05.23 03:04:58.145,1.54879,1.54902,1.69,1.50
2013.05.23 03:04:58.325,1.54878,1.54903,1.32,1.13
2013.05.23 03:04:58.384,1.54875,1.54902,2.82,1.50
2013.05.23 03:04:58.574,1.54873,1.54901,1.88,1.13
2013.05.23 03:04:59.244,1.54872,1.54899,1.69,1.13
2013.05.23 03:04:59.430,1.54871,1.54899,1.32,1.13
2013.05.23 03:05:00.007,1.54873,1.549,1.50,1.50
2013.05.23 03:05:00.315,1.54883,1.54905,1.32,1.13
2013.05.23 03:05:00.436,1.54882,1.54908,1.69,1.13
2013.05.23 03:05:00.504,1.54881,1.54905,1.32,1.50
2013.05.23 03:05:01.654,1.54883,1.54906,1.69,2.25
2013.05.23 03:05:01.775,1.54878,1.54904,1.32,1.13
2013.05.23 03:05:01.835,1.54877,1.54902,1.50,1.50
2013.05.23 03:05:02.374,1.54876,1.54902,1.32,2.25
2013.05.23 03:05:02.674,1.54873,1.54899,2.44,1.13
2013.05.23 03:05:03.335,1.5487,1.54894,2.44,1.50
2013.05.23 03:05:03.455,1.54868,1.54894,1.69,1.50
2013.05.23 03:05:04.575,1.54866,1.54893,2.07,1.13
2013.05.23 03:05:04.635,1.54867,1.54893,1.13,1.13
2013.05.23 03:05:04.755,1.54866,1.54894,1.50,2.44
2013.05.23 03:05:04.875,1.54875,1.54895,1.50,1.13
2013.05.23 03:05:04.935,1.54875,1.54895,1.50,1.13
2013.05.23 03:05:05.116,1.54886,1.5491,1.13,1.50
2013.05.23 03:05:05.177,1.54891,1.54913,1.50,1.13
2013.05.23 03:05:05.245,1.54893,1.54917,1.50,1.13
2013.05.23 03:05:05.785,1.54895,1.54917,3.19,1.50
2013.05.23 03:05:05.845,1.54895,1.54921,3.19,1.50
2013.05.23 03:05:06.575,1.54895,1.54919,3.19,1.50
2013.05.23 03:05:06.754,1.54895,1.54917,3.94,1.50
2013.05.23 03:05:07.055,1.54892,1.54909,1.88,1.50
2013.05.23 03:05:07.115,1.54893,1.54919,1.13,1.13
2013.05.23 03:05:07.354,1.54893,1.5492,1.50,1.13
2013.05.23 03:05:07.714,1.54895,1.54919,1.50,1.88
2013.05.23 03:05:08.725,1.54893,1.54919,1.50,1.50
2013.05.23 03:05:09.374,1.54895,1.54919,2.93,1.50
2013.05.23 03:05:09.894,1.54897,1.54919,1.13,1.50
2013.05.23 03:05:11.948,1.54894,1.54919,1.28,1.32
2013.05.23 03:05:12.024,1.54892,1.54915,2.78,1.50
2013.05.23 03:05:12.098,1.54891,1.54916,1.50,1.50
2013.05.23 03:05:12.227,1.54889,1.54912,2.07,1.50
2013.05.23 03:05:12.295,1.54888,1.54912,1.32,1.50
2013.05.23 03:05:12.356,1.54886,1.54912,1.69,1.50
2013.05.23 03:05:12.414,1.54886,1.54914,1.69,1.13
2013.05.23 03:05:12.535,1.54889,1.54916,1.73,2.44
2013.05.23 03:05:13.664,1.54893,1.54919,1.13,3.19
2013.05.23 03:05:14.634,1.54893,1.54919,1.13,2.44
2013.05.23 03:05:14.946,1.54893,1.54919,2.18,2.44
2013.05.23 03:05:16.984,1.54896,1.54921,1.32,1.50
2013.05.23 03:05:17.164,1.54895,1.54921,2.07,1.50
2013.05.23 03:05:17.861,1.54896,1.54921,1.32,1.50
2013.05.23 03:05:17.984,1.54897,1.54925,1.88,1.13
2013.05.23 03:05:18.525,1.54901,1.54926,1.69,1.50
2013.05.23 03:05:18.724,1.54902,1.54926,1.13,1.50
2013.05.23 03:05:19.025,1.54902,1.54918,1.32,1.50
2013.05.23 03:05:19.205,1.54898,1.54921,1.50,1.50
2013.05.23 03:05:19.323,1.54894,1.54921,2.07,1.50
2013.05.23 03:05:19.625,1.54897,1.54921,1.13,1.50
2013.05.23 03:05:19.744,1.54897,1.54925,1.13,1.50
2013.05.23 03:05:19.869,1.54901,1.54925,1.13,1.50
2013.05.23 03:05:19.936,1.54901,1.54929,1.13,2.07
2013.05.23 03:05:20.056,1.54904,1.54931,2.07,1.13
2013.05.23 03:05:20.174,1.54905,1.54932,1.32,1.50
2013.05.23 03:05:20.295,1.54905,1.54932,2.44,1.50
2013.05.23 03:05:20.355,1.54906,1.54932,1.50,1.50
2013.05.23 03:05:20.894,1.54908,1.54932,1.50,1.50
2013.05.23 03:05:21.314,1.54908,1.54932,1.50,1.50
2013.05.23 03:05:21.815,1.54908,1.54928,1.50,1.50
2013.05.23 03:05:21.995,1.54907,1.54933,2.82,2.25
2013.05.23 03:05:22.114,1.54909,1.54933,1.13,1.50
2013.05.23 03:05:22.995,1.54908,1.54933,2.07,1.50
2013.05.23 03:05:23.115,1.5491,1.54936,2.44,1.50
2013.05.23 03:05:23.176,1.54915,1.54942,1.69,1.50
2013.05.23 03:05:23.246,1.54915,1.54943,1.09,1.13
2013.05.23 03:05:23.305,1.54921,1.54948,1.69,3.38
2013.05.23 03:05:23.366,1.54921,1.54951,1.69,2.07
2013.05.23 03:05:23.551,1.54921,1.54947,3.19,1.50
2013.05.23 03:05:23.916,1.54922,1.5495,1.69,1.13
2013.05.23 03:05:24.215,1.54924,1.54951,1.50,1.50
2013.05.23 03:05:25.104,1.54925,1.54951,1.50,1.50
2013.05.23 03:05:25.404,1.54925,1.54953,1.50,1.32
2013.05.23 03:05:25.526,1.54925,1.54955,1.88,1.69
2013.05.23 03:05:26.066,1.54928,1.54955,1.50,1.69
2013.05.23 03:05:26.142,1.54935,1.54964,2.25,1.32
2013.05.23 03:05:26.206,1.54937,1.54966,1.69,1.50
2013.05.23 03:05:26.277,1.54938,1.54969,1.69,2.44
2013.05.23 03:05:26.464,1.54941,1.5496,2.25,1.50
2013.05.23 03:05:27.006,1.54939,1.5496,1.50,1.50
2013.05.23 03:05:27.545,1.54938,1.5496,1.69,1.50
2013.05.23 03:05:27.664,1.5494,1.5496,1.50,1.50
2013.05.23 03:05:28.325,1.54939,1.5496,1.88,1.50
2013.05.23 03:05:28.388,1.54939,1.54956,1.50,1.50
2013.05.23 03:05:28.944,1.54937,1.54956,2.07,1.50
2013.05.23 03:05:29.185,1.54936,1.54956,1.32,1.50
2013.05.23 03:05:29.246,1.54936,1.54952,1.32,1.13
2013.05.23 03:05:29.365,1.5492,1.54941,1.13,1.13
2013.05.23 03:05:29.547,1.5492,1.54938,1.13,1.50
2013.05.23 03:05:29.856,1.5492,1.54931,1.13,1.50
2013.05.23 03:05:29.926,1.54914,1.54931,3.19,1.50
2013.05.23 03:05:29.985,1.54914,1.54931,1.50,1.50
2013.05.23 03:05:30.165,1.5491,1.54931,2.82,1.50
2013.05.23 03:05:30.285,1.54912,1.54931,1.50,1.50
2013.05.23 03:05:31.424,1.54911,1.54934,1.50,1.50
2013.05.23 03:05:31.936,1.54912,1.54934,1.13,1.50
2013.05.23 03:05:32.594,1.54911,1.54934,1.88,1.50
2013.05.23 03:05:32.895,1.54911,1.54934,3.23,1.50
2013.05.23 03:05:33.115,1.54914,1.54936,1.13,1.32
2013.05.23 03:05:34.595,1.54915,1.54935,1.13,1.69
2013.05.23 03:05:38.844,1.54915,1.54935,1.50,1.50
2013.05.23 03:05:38.965,1.54916,1.54938,1.50,1.50
2013.05.23 03:05:39.027,1.54916,1.54938,2.25,1.50
2013.05.23 03:05:39.096,1.54918,1.54941,2.25,1.50
2013.05.23 03:05:39.215,1.5492,1.54941,1.50,1.50
2013.05.23 03:05:39.755,1.54919,1.54941,2.44,1.50
2013.05.23 03:05:39.876,1.5492,1.54941,2.25,1.50
2013.05.23 03:05:40.307,1.5492,1.54941,1.50,1.50
2013.05.23 03:05:40.495,1.54915,1.54941,2.44,1.50
2013.05.23 03:05:40.855,1.54918,1.54941,1.50,1.50
2013.05.23 03:05:47.325,1.54919,1.54941,1.69,1.50
2013.05.23 03:05:47.715,1.54921,1.54941,1.50,1.50
2013.05.23 03:05:48.646,1.54921,1.54941,1.50,1.50
2013.05.23 03:05:49.013,1.54923,1.54941,2.25,1.50
2013.05.23 03:05:49.155,1.54923,1.54941,1.50,1.50
2013.05.23 03:05:49.594,1.54923,1.54941,1.50,1.50
2013.05.23 03:05:50.155,1.54924,1.54952,2.25,1.28
2013.05.23 03:05:50.215,1.54924,1.54955,2.25,1.32
2013.05.23 03:05:50.274,1.54924,1.5495,3.00,1.50
2013.05.23 03:05:50.755,1.54928,1.5495,1.50,1.50
2013.05.23 03:05:51.855,1.54927,1.54945,2.25,1.50
2013.05.23 03:05:52.157,1.54928,1.54945,1.13,1.50
2013.05.23 03:05:52.285,1.54928,1.54949,1.50,1.50
2013.05.23 03:05:54.895,1.54928,1.54949,1.13,1.50
2013.05.23 03:05:55.561,1.54932,1.54948,1.50,1.50
2013.05.23 03:05:55.686,1.54932,1.54952,1.50,1.50
2013.05.23 03:05:55.759,1.54933,1.54952,3.00,1.50
2013.05.23 03:05:55.826,1.54933,1.54959,3.00,1.69
2013.05.23 03:05:55.885,1.54935,1.54959,1.50,1.32
2013.05.23 03:05:56.007,1.54939,1.54961,1.50,1.13
2013.05.23 03:05:56.078,1.5494,1.54964,1.50,1.69
2013.05.23 03:05:56.206,1.5494,1.54964,2.25,1.69
2013.05.23 03:05:56.397,1.54939,1.54964,2.25,1.69
2013.05.23 03:05:57.554,1.5494,1.54964,1.50,1.69
2013.05.23 03:05:58.255,1.5494,1.54964,1.50,1.69
2013.05.23 03:05:58.576,1.54943,1.54964,1.50,1.69
2013.05.23 03:05:59.265,1.54945,1.54964,1.50,1.69
2013.05.23 03:06:00.135,1.54945,1.54963,1.50,1.50
2013.05.23 03:06:02.745,1.54941,1.54968,2.63,1.32
2013.05.23 03:06:02.866,1.54947,1.54973,1.50,1.88
2013.05.23 03:06:02.986,1.54948,1.54971,1.50,1.88
2013.05.23 03:06:03.344,1.54947,1.5497,1.50,1.50
2013.05.23 03:06:05.435,1.54947,1.5497,1.50,1.13
2013.05.23 03:06:07.806,1.54947,1.54975,1.69,1.88
2013.05.23 03:06:08.056,1.54947,1.54972,3.00,1.50
2013.05.23 03:06:09.005,1.54948,1.54972,1.50,1.50
2013.05.23 03:06:12.086,1.54945,1.54972,1.69,1.50
2013.05.23 03:06:13.119,1.54944,1.54972,2.44,1.69
2013.05.23 03:06:13.190,1.54946,1.54971,1.50,1.13
2013.05.23 03:06:15.555,1.54946,1.54971,1.50,1.13
2013.05.23 03:06:18.347,1.54945,1.54968,2.25,1.13
2013.05.23 03:06:18.854,1.54947,1.54968,2.25,1.13
2013.05.23 03:06:20.306,1.54946,1.54973,2.25,1.32
2013.05.23 03:06:20.994,1.54948,1.54972,1.50,1.13
2013.05.23 03:06:21.426,1.54952,1.54972,1.88,1.13
2013.05.23 03:06:21.736,1.54961,1.54976,1.50,1.50
2013.05.23 03:06:22.277,1.54959,1.54986,2.25,1.50
2013.05.23 03:06:22.857,1.5496,1.54986,1.69,1.50
2013.05.23 03:06:23.585,1.54961,1.54983,1.50,1.13
2013.05.23 03:06:23.708,1.54955,1.54981,2.07,1.13
2013.05.23 03:06:24.014,1.5495,1.54976,1.32,1.50
2013.05.23 03:06:25.415,1.54949,1.54976,1.50,1.32
2013.05.23 03:06:25.495,1.54942,1.54966,1.50,1.32
2013.05.23 03:06:25.569,1.54933,1.54963,1.88,2.44
2013.05.23 03:06:25.637,1.54932,1.54962,1.69,2.44
2013.05.23 03:06:25.849,1.54938,1.54963,1.69,1.69
2013.05.23 03:06:25.919,1.54938,1.54966,3.00,1.13
2013.05.23 03:06:25.987,1.5494,1.54968,2.44,1.13
2013.05.23 03:06:26.295,1.54941,1.54961,1.69,1.50
2013.05.23 03:06:26.474,1.54935,1.54961,1.69,1.50
2013.05.23 03:06:26.655,1.54934,1.54957,1.69,1.50
2013.05.23 03:06:27.197,1.54932,1.54952,1.50,1.50
2013.05.23 03:06:27.266,1.54926,1.54948,1.69,1.50
2013.05.23 03:06:27.505,1.54922,1.54945,1.69,1.50
2013.05.23 03:06:27.994,1.5492,1.54945,1.69,1.50
2013.05.23 03:06:29.855,1.5492,1.54945,1.69,1.50
2013.05.23 03:06:30.428,1.54926,1.54946,1.50,1.50
2013.05.23 03:06:31.145,1.54926,1.54948,1.50,1.13
2013.05.23 03:06:31.324,1.54926,1.5495,2.25,1.69
2013.05.23 03:06:31.385,1.54927,1.54951,1.50,1.32
2013.05.23 03:06:31.445,1.54927,1.54955,1.50,3.19
2013.05.23 03:06:31.997,1.54927,1.54955,1.50,2.44
2013.05.23 03:06:32.124,1.54927,1.54955,1.50,2.44
2013.05.23 03:06:32.545,1.54931,1.54955,1.50,2.44
2013.05.23 03:06:32.726,1.54931,1.54957,1.50,1.69
2013.05.23 03:06:32.796,1.54932,1.54957,1.50,1.69
2013.05.23 03:06:33.105,1.54934,1.54961,1.50,1.50
2013.05.23 03:06:33.166,1.54936,1.54962,1.50,1.69
2013.05.23 03:06:33.527,1.54932,1.54957,1.32,1.50
2013.05.23 03:06:33.835,1.54932,1.54955,1.32,1.50
2013.05.23 03:06:34.156,1.54932,1.54955,1.32,1.50
2013.05.23 03:06:36.236,1.54934,1.54958,2.25,1.69
2013.05.23 03:06:36.305,1.54935,1.54959,1.50,1.32
2013.05.23 03:06:36.610,1.54939,1.54959,1.50,1.50
2013.05.23 03:06:36.925,1.5493,1.54954,2.07,1.50
2013.05.23 03:06:37.165,1.54929,1.54954,1.13,1.69
2013.05.23 03:06:37.765,1.54925,1.54954,1.13,1.69
2013.05.23 03:06:37.824,1.54926,1.54954,1.69,1.69
2013.05.23 03:06:38.325,1.54928,1.54954,2.25,1.69
2013.05.23 03:06:38.671,1.5493,1.54954,1.13,1.69
2013.05.23 03:06:40.174,1.5493,1.54956,1.13,1.32
2013.05.23 03:06:40.295,1.54932,1.5496,1.69,1.50
2013.05.23 03:06:40.475,1.54935,1.54962,3.19,1.50
2013.05.23 03:06:41.415,1.54938,1.54962,1.50,1.50
2013.05.23 03:06:41.714,1.54933,1.54958,1.69,1.50
2013.05.23 03:06:42.342,1.54932,1.54958,1.69,1.50
2013.05.23 03:06:42.465,1.54932,1.54956,2.44,1.13
2013.05.23 03:06:43.005,1.54934,1.54958,1.50,1.50
2013.05.23 03:06:45.594,1.54932,1.54959,1.50,1.50
2013.05.23 03:06:46.085,1.5493,1.54954,1.50,1.69
2013.05.23 03:06:46.206,1.54925,1.54943,3.57,1.50
2013.05.23 03:06:46.266,1.54925,1.54943,1.32,1.50
2013.05.23 03:06:46.325,1.54922,1.54943,1.13,1.50
2013.05.23 03:06:46.565,1.54917,1.54943,2.44,1.50
2013.05.23 03:06:47.525,1.54917,1.54943,2.44,1.50
2013.05.23 03:06:48.074,1.54917,1.54943,2.44,1.50
2013.05.23 03:06:48.645,1.54919,1.54943,1.50,1.50
2013.05.23 03:06:49.725,1.54919,1.54947,1.13,1.32
2013.05.23 03:06:49.847,1.54921,1.54947,1.50,1.32
2013.05.23 03:06:50.035,1.54924,1.54953,1.69,2.07
2013.05.23 03:06:50.335,1.54929,1.54953,1.50,2.07
2013.05.23 03:06:51.314,1.5493,1.54953,2.25,1.32
2013.05.23 03:06:51.855,1.54932,1.54955,2.25,1.50
2013.05.23 03:06:52.375,1.54932,1.54956,2.25,1.13
2013.05.23 03:06:53.104,1.54934,1.54958,1.50,3.19
2013.05.23 03:06:53.224,1.54934,1.54958,1.50,2.44
2013.05.23 03:06:54.376,1.54934,1.54958,1.50,2.44
2013.05.23 03:06:54.914,1.54936,1.5496,1.50,1.32
2013.05.23 03:06:55.034,1.54937,1.5496,1.13,1.32
2013.05.23 03:06:55.426,1.54937,1.5496,1.13,1.32
2013.05.23 03:06:55.935,1.54937,1.54961,1.13,1.50
2013.05.23 03:06:56.055,1.54942,1.54966,1.13,1.13
2013.05.23 03:06:56.594,1.54944,1.54969,1.88,1.50
2013.05.23 03:06:57.145,1.54946,1.54969,1.50,1.50
2013.05.23 03:06:57.385,1.54946,1.54962,2.25,1.50
2013.05.23 03:06:57.685,1.54936,1.54954,1.50,1.50
2013.05.23 03:06:57.805,1.54931,1.54954,1.69,1.50
2013.05.23 03:06:57.925,1.5493,1.54954,2.44,1.50
2013.05.23 03:06:58.935,1.54929,1.54954,1.88,1.50
2013.05.23 03:06:59.526,1.54929,1.54954,1.50,1.50
2013.05.23 03:07:00.095,1.54931,1.54954,1.13,1.50
2013.05.23 03:07:00.904,1.54931,1.54958,1.13,4.69
2013.05.23 03:07:00.965,1.54931,1.54958,1.13,3.94
2013.05.23 03:07:01.032,1.54931,1.54958,1.13,1.69
2013.05.23 03:07:01.157,1.54938,1.54961,2.44,1.13
2013.05.23 03:07:01.226,1.54942,1.54964,1.13,1.50
2013.05.23 03:07:01.294,1.54943,1.54969,1.13,2.82
2013.05.23 03:07:02.335,1.54943,1.54969,3.38,1.69
2013.05.23 03:07:02.694,1.54944,1.54969,1.50,1.69
2013.05.23 03:07:03.216,1.54945,1.54961,1.13,1.50
2013.05.23 03:07:03.396,1.54939,1.54957,1.69,1.50
2013.05.23 03:07:04.019,1.54929,1.54954,2.07,1.50
2013.05.23 03:07:05.035,1.54931,1.54958,2.44,1.50
2013.05.23 03:07:05.276,1.54932,1.54959,2.63,1.13
2013.05.23 03:07:05.456,1.54939,1.54967,3.19,1.32
2013.05.23 03:07:05.575,1.54942,1.54967,1.13,1.32
2013.05.23 03:07:06.104,1.54943,1.54968,2.63,1.32
2013.05.23 03:07:06.464,1.54946,1.54968,1.13,1.32
2013.05.23 03:07:06.975,1.54946,1.54968,1.13,1.32
2013.05.23 03:07:07.278,1.54942,1.54963,1.13,1.69
2013.05.23 03:07:07.584,1.54941,1.5496,1.13,1.69
2013.05.23 03:07:07.644,1.5493,1.54959,2.25,1.69
2013.05.23 03:07:08.884,1.54931,1.54959,1.13,1.69
2013.05.23 03:07:09.185,1.54936,1.54964,3.38,2.44
2013.05.23 03:07:09.544,1.54938,1.54964,1.13,2.44
2013.05.23 03:07:09.904,1.54938,1.54965,1.13,1.69
2013.05.23 03:07:10.156,1.54941,1.54964,1.50,1.69
2013.05.23 03:07:10.284,1.54939,1.54961,1.50,1.13
2013.05.23 03:07:10.645,1.54936,1.5496,1.13,1.50
2013.05.23 03:07:10.765,1.54936,1.54962,1.13,3.19
2013.05.23 03:07:10.824,1.54936,1.5496,1.13,1.13
2013.05.23 03:07:10.884,1.5494,1.54962,1.13,1.69
2013.05.23 03:07:16.615,1.54933,1.54959,1.13,2.44
2013.05.23 03:07:16.855,1.54937,1.54959,1.13,2.44
2013.05.23 03:07:17.064,1.54934,1.54959,1.13,2.44
2013.05.23 03:07:17.314,1.54937,1.54959,1.13,1.50
2013.05.23 03:07:17.376,1.54937,1.54961,1.13,1.13
2013.05.23 03:07:17.554,1.54937,1.54963,1.13,1.50
2013.05.23 03:07:18.714,1.54939,1.54963,1.50,1.50
2013.05.23 03:07:18.784,1.54941,1.54964,1.50,1.32
2013.05.23 03:07:18.918,1.54943,1.54966,1.50,2.25
2013.05.23 03:07:19.045,1.54943,1.54967,1.13,1.13
2013.05.23 03:07:19.105,1.54944,1.54965,1.50,1.50
2013.05.23 03:07:19.224,1.54945,1.54969,1.50,1.69
2013.05.23 03:07:19.345,1.54947,1.54969,1.50,1.69
2013.05.23 03:07:19.704,1.54944,1.54964,2.25,1.50
2013.05.23 03:07:20.445,1.54946,1.54968,1.50,1.50
2013.05.23 03:07:20.685,1.54947,1.54968,1.50,1.50
2013.05.23 03:07:21.044,1.54935,1.54956,1.88,1.50
2013.05.23 03:07:21.105,1.54933,1.54956,2.44,1.50
2013.05.23 03:07:21.717,1.54933,1.54956,1.69,1.50
2013.05.23 03:07:22.374,1.54933,1.54962,2.44,2.07
2013.05.23 03:07:22.494,1.54935,1.54962,2.25,2.07
2013.05.23 03:07:22.795,1.5494,1.54962,1.50,2.44
2013.05.23 03:07:24.106,1.54937,1.54962,1.69,2.44
2013.05.23 03:07:24.226,1.54941,1.54962,1.13,1.50
2013.05.23 03:07:24.296,1.54941,1.54969,2.03,2.44
2013.05.23 03:07:24.355,1.54946,1.5497,1.13,1.50
2013.05.23 03:07:24.536,1.54952,1.54979,1.13,1.69
2013.05.23 03:07:24.596,1.54952,1.5498,1.13,1.32
2013.05.23 03:07:24.655,1.54952,1.5498,3.38,1.32
2013.05.23 03:07:25.045,1.54953,1.54978,1.50,1.69
2013.05.23 03:07:25.644,1.54954,1.54982,1.50,1.32
2013.05.23 03:07:25.765,1.54955,1.54985,1.69,2.07
2013.05.23 03:07:25.896,1.54959,1.54977,1.50,1.50
2013.05.23 03:07:26.015,1.54954,1.54977,1.69,1.50
2013.05.23 03:07:26.844,1.54952,1.54977,1.50,1.50
2013.05.23 03:07:26.965,1.54952,1.54977,1.50,1.50
2013.05.23 03:07:27.147,1.54943,1.54967,1.13,1.32
2013.05.23 03:07:27.264,1.5494,1.54965,1.13,1.32
2013.05.23 03:07:27.585,1.54938,1.54964,1.50,1.32
2013.05.23 03:07:29.286,1.54935,1.54964,4.13,1.32
2013.05.23 03:07:29.627,1.54927,1.54943,1.69,1.28
2013.05.23 03:07:29.819,1.54911,1.5494,1.50,2.63
2013.05.23 03:07:30.006,1.54909,1.54938,1.69,1.88
2013.05.23 03:07:30.269,1.54913,1.54938,2.25,1.50
2013.05.23 03:07:30.395,1.54914,1.54943,1.13,2.07
2013.05.23 03:07:30.455,1.54915,1.54943,1.88,1.32
2013.05.23 03:07:30.994,1.54919,1.54946,3.68,1.50
2013.05.23 03:07:31.083,1.5493,1.54952,1.50,1.50
2013.05.23 03:07:31.635,1.54931,1.54951,1.50,1.50
2013.05.23 03:07:32.325,1.54931,1.54951,1.50,1.50
2013.05.23 03:07:32.504,1.54931,1.54957,1.50,1.69
2013.05.23 03:07:32.565,1.54932,1.54957,1.50,1.69
2013.05.23 03:07:32.816,1.54937,1.54962,1.50,2.82
2013.05.23 03:07:33.174,1.5494,1.54962,1.50,1.50
2013.05.23 03:07:33.415,1.54937,1.54962,1.69,1.50
2013.05.23 03:07:33.595,1.54938,1.54962,2.25,1.50
2013.05.23 03:07:35.146,1.5494,1.54962,1.50,1.50
2013.05.23 03:07:37.684,1.5494,1.54962,1.50,1.50
2013.05.23 03:07:38.051,1.5494,1.54963,1.50,1.50
2013.05.23 03:07:40.295,1.5494,1.54963,1.50,1.50
2013.05.23 03:07:40.855,1.5494,1.54963,1.50,1.50
2013.05.23 03:07:41.394,1.5494,1.54965,1.50,1.32
2013.05.23 03:07:41.884,1.54943,1.54967,1.50,2.25
2013.05.23 03:07:42.803,1.54943,1.54967,1.50,1.13
2013.05.23 03:07:43.351,1.54943,1.5497,1.50,2.25
2013.05.23 03:07:44.625,1.54941,1.54967,1.69,1.50
2013.05.23 03:07:44.745,1.5494,1.54966,2.44,1.13
2013.05.23 03:07:45.575,1.54941,1.54966,1.13,2.25
2013.05.23 03:07:49.558,1.54943,1.54971,1.13,2.44
2013.05.23 03:07:49.746,1.54949,1.54971,1.13,1.50
2013.05.23 03:07:49.879,1.54952,1.54978,1.65,1.50
2013.05.23 03:07:49.945,1.54952,1.54981,1.65,1.13
2013.05.23 03:07:50.423,1.54955,1.54984,3.19,1.69
2013.05.23 03:07:50.994,1.54955,1.54983,3.19,1.50
2013.05.23 03:07:51.305,1.54956,1.54983,1.69,1.50
2013.05.23 03:07:51.739,1.54957,1.54981,1.50,1.50
2013.05.23 03:07:52.047,1.54958,1.54984,2.82,1.50
2013.05.23 03:07:52.104,1.54961,1.54988,1.50,1.69
2013.05.23 03:07:52.925,1.54958,1.54985,1.84,1.88
2013.05.23 03:07:52.985,1.54955,1.54979,1.50,1.50
2013.05.23 03:07:53.227,1.5495,1.54975,1.88,1.32
2013.05.23 03:07:53.298,1.5495,1.54968,1.88,1.69
2013.05.23 03:07:53.427,1.54938,1.54968,1.69,2.07
2013.05.23 03:07:53.921,1.54939,1.54959,1.69,1.50
2013.05.23 03:07:55.075,1.54936,1.54959,1.50,1.50
2013.05.23 03:07:55.135,1.54936,1.54954,1.50,2.25
2013.05.23 03:07:55.315,1.54916,1.54945,1.20,2.63
2013.05.23 03:07:55.375,1.54916,1.5494,1.20,1.32
2013.05.23 03:07:55.434,1.54913,1.5494,1.50,2.07
2013.05.23 03:07:55.495,1.54913,1.54934,1.50,1.50
2013.05.23 03:07:55.556,1.54908,1.54934,6.19,1.50
2013.05.23 03:07:55.876,1.54911,1.54938,1.50,2.44
2013.05.23 03:07:55.994,1.54912,1.54938,2.25,2.44
2013.05.23 03:07:56.354,1.54917,1.54943,1.88,2.44
2013.05.23 03:07:56.415,1.54921,1.54946,1.13,1.88
2013.05.23 03:07:56.475,1.54921,1.5495,1.13,1.50
2013.05.23 03:07:56.534,1.54924,1.54955,1.50,2.82
2013.05.23 03:07:56.595,1.54926,1.54954,1.50,2.07
2013.05.23 03:07:56.904,1.54926,1.54946,1.88,1.50
2013.05.23 03:07:57.145,1.54926,1.54946,1.88,1.50
2013.05.23 03:07:57.205,1.54926,1.54938,1.88,1.50
2013.05.23 03:07:57.265,1.54926,1.54945,1.50,2.25
2013.05.23 03:07:57.385,1.54926,1.54944,1.13,1.13
2013.05.23 03:07:57.624,1.54928,1.54953,1.13,1.69
2013.05.23 03:07:58.826,1.54926,1.54953,1.50,2.25
2013.05.23 03:07:59.639,1.5493,1.54953,1.50,1.50
2013.05.23 03:08:00.365,1.5493,1.54949,1.13,1.50
2013.05.23 03:08:00.895,1.54929,1.54949,1.13,1.50
2013.05.23 03:08:01.415,1.54928,1.54949,1.50,1.88
2013.05.23 03:08:01.475,1.54927,1.54946,1.50,1.50
2013.05.23 03:08:01.655,1.54918,1.54943,1.09,1.13
2013.05.23 03:08:01.984,1.54911,1.54941,2.44,1.32
2013.05.23 03:08:02.538,1.54911,1.5494,3.19,1.32
2013.05.23 03:08:02.606,1.54915,1.5494,1.50,1.32
2013.05.23 03:08:02.964,1.54915,1.5494,2.25,1.32
2013.05.23 03:08:03.484,1.54918,1.54945,1.50,3.19
2013.05.23 03:08:03.785,1.54922,1.54945,1.50,2.44
2013.05.23 03:08:04.335,1.5492,1.54945,1.50,2.44
2013.05.23 03:08:04.685,1.54921,1.54945,1.13,2.44
2013.05.23 03:08:05.220,1.5492,1.54945,1.50,2.44
2013.05.23 03:08:05.786,1.54923,1.54944,2.25,1.50
2013.05.23 03:08:09.450,1.54922,1.54944,2.25,1.50
2013.05.23 03:08:09.709,1.54922,1.54944,2.25,1.50
2013.05.23 03:08:11.755,1.54922,1.5494,1.50,1.50
2013.05.23 03:08:11.816,1.54919,1.5494,1.88,1.50
2013.05.23 03:08:11.994,1.54915,1.5494,3.19,1.50
2013.05.23 03:08:12.674,1.54916,1.5494,1.69,1.50
2013.05.23 03:08:13.378,1.54915,1.5494,1.69,1.50
2013.05.23 03:08:14.285,1.54916,1.5494,1.69,1.50
2013.05.23 03:08:14.974,1.54916,1.5494,1.50,1.50
2013.05.23 03:08:15.494,1.54916,1.5494,1.88,1.50
2013.05.23 03:08:15.995,1.54916,1.54941,1.88,1.50
2013.05.23 03:08:19.235,1.54916,1.54941,1.88,1.50
2013.05.23 03:08:19.768,1.54916,1.54941,1.50,1.50
2013.05.23 03:08:21.114,1.54916,1.54941,1.50,1.50
2013.05.23 03:08:21.685,1.54917,1.54941,1.13,1.50
2013.05.23 03:08:22.249,1.54918,1.54941,1.50,1.50
2013.05.23 03:08:22.874,1.5492,1.54941,1.50,1.50
2013.05.23 03:08:25.074,1.5492,1.54944,2.63,1.50
2013.05.23 03:08:25.435,1.54922,1.54944,2.25,1.50
2013.05.23 03:08:25.854,1.54924,1.54944,1.50,1.50
2013.05.23 03:08:26.334,1.54924,1.54944,1.50,1.50
2013.05.23 03:08:26.395,1.54924,1.54947,1.50,1.32
2013.05.23 03:08:26.635,1.5493,1.54948,1.50,1.50
2013.05.23 03:08:27.175,1.54931,1.54948,1.50,1.50
2013.05.23 03:08:27.689,1.54929,1.54948,3.00,1.50
2013.05.23 03:08:28.290,1.54931,1.54948,1.50,1.50
2013.05.23 03:08:30.456,1.54927,1.5495,1.13,1.32
2013.05.23 03:08:30.635,1.54928,1.54948,1.50,1.50
2013.05.23 03:08:30.896,1.54928,1.54948,1.50,1.50
2013.05.23 03:08:31.345,1.5493,1.54948,1.13,1.50
2013.05.23 03:08:32.822,1.54933,1.54951,1.50,1.50
2013.05.23 03:08:32.885,1.54931,1.54947,1.50,1.50
2013.05.23 03:08:32.946,1.54931,1.54947,1.50,1.50
2013.05.23 03:08:33.186,1.54931,1.54947,1.50,1.50
2013.05.23 03:08:34.825,1.5493,1.54947,1.50,1.50
2013.05.23 03:08:34.955,1.54927,1.54943,1.50,1.50
2013.05.23 03:08:35.075,1.54925,1.54943,2.44,1.50
2013.05.23 03:08:36.593,1.54925,1.54947,2.25,1.50
2013.05.23 03:08:36.655,1.54926,1.54947,1.50,1.50
2013.05.23 03:08:37.016,1.54929,1.54943,1.50,1.50
2013.05.23 03:08:39.094,1.54927,1.54948,2.25,2.25
2013.05.23 03:08:40.226,1.54924,1.54948,1.69,1.50
2013.05.23 03:08:40.524,1.54924,1.54948,2.44,1.50
2013.05.23 03:08:44.414,1.54924,1.54947,2.44,1.50
2013.05.23 03:08:45.614,1.54924,1.54948,1.69,1.50
2013.05.23 03:08:49.215,1.54924,1.54942,1.50,1.50
2013.05.23 03:08:49.394,1.54923,1.54942,1.13,1.50
2013.05.23 03:08:49.980,1.54919,1.54942,2.25,1.50
2013.05.23 03:08:52.614,1.54919,1.54942,1.50,1.50
2013.05.23 03:08:52.856,1.54922,1.54942,1.13,1.50
2013.05.23 03:08:55.364,1.54919,1.54942,1.88,1.50
2013.05.23 03:08:55.565,1.54919,1.54941,1.88,1.50
2013.05.23 03:08:56.225,1.54922,1.54941,1.50,1.50
2013.05.23 03:08:58.465,1.54922,1.54941,1.50,1.50
2013.05.23 03:09:02.505,1.54923,1.54938,2.25,1.50
2013.05.23 03:09:02.864,1.54921,1.54942,1.88,1.50
2013.05.23 03:09:02.925,1.54921,1.54937,1.13,1.50
2013.05.23 03:09:03.226,1.54927,1.54942,1.50,1.50
2013.05.23 03:09:05.215,1.54926,1.54945,1.50,1.50
2013.05.23 03:09:05.624,1.54926,1.54948,1.50,1.32
2013.05.23 03:09:05.745,1.54926,1.54946,1.50,1.50
2013.05.23 03:09:07.902,1.54926,1.54948,1.50,1.13
2013.05.23 03:09:08.105,1.54925,1.54945,2.25,1.50
2013.05.23 03:09:10.175,1.54925,1.54948,1.50,1.13
2013.05.23 03:09:10.295,1.54925,1.54946,1.50,1.50
2013.05.23 03:09:10.975,1.54927,1.5495,1.50,1.32
2013.05.23 03:09:11.096,1.5493,1.5495,1.50,1.13
2013.05.23 03:09:11.395,1.5493,1.54958,2.07,1.50
2013.05.23 03:09:11.457,1.5493,1.5496,2.07,1.50
2013.05.23 03:09:11.526,1.54935,1.54964,1.50,1.69
2013.05.23 03:09:12.084,1.54938,1.54962,2.25,1.32
2013.05.23 03:09:12.814,1.54937,1.54962,1.50,1.32
2013.05.23 03:09:13.457,1.54937,1.54964,2.25,1.50
2013.05.23 03:09:13.787,1.54937,1.54958,1.50,1.50
2013.05.23 03:09:15.735,1.54936,1.54957,2.07,1.50
2013.05.23 03:09:16.095,1.5493,1.54947,2.33,1.50
2013.05.23 03:09:16.275,1.54926,1.54947,1.69,1.50
2013.05.23 03:09:16.815,1.54926,1.54947,2.44,1.50
2013.05.23 03:09:17.334,1.54927,1.54947,1.50,1.50
2013.05.23 03:09:17.684,1.54927,1.54947,1.50,1.50
2013.05.23 03:09:18.847,1.54927,1.54951,1.88,1.50
2013.05.23 03:09:19.215,1.54931,1.54953,1.50,1.50
2013.05.23 03:09:19.734,1.54933,1.54953,1.50,1.50
2013.05.23 03:09:19.915,1.54933,1.54957,1.50,2.44
2013.05.23 03:09:20.094,1.54933,1.54958,1.50,2.44
2013.05.23 03:09:20.634,1.54933,1.54958,1.50,2.44
2013.05.23 03:09:21.214,1.54933,1.54958,1.50,2.44
2013.05.23 03:09:21.915,1.54933,1.54958,1.88,2.44
2013.05.23 03:09:23.945,1.54935,1.54961,2.25,2.07
2013.05.23 03:09:24.304,1.54938,1.54961,1.50,1.32
2013.05.23 03:09:27.876,1.54939,1.54962,1.50,1.32
2013.05.23 03:09:27.995,1.54941,1.54965,2.25,1.69
2013.05.23 03:09:28.295,1.54942,1.54965,1.50,2.44
2013.05.23 03:09:30.456,1.54943,1.5497,3.00,1.13
2013.05.23 03:09:30.515,1.54944,1.54971,1.50,1.32
2013.05.23 03:09:31.135,1.54946,1.54972,1.50,2.44
2013.05.23 03:09:32.568,1.54947,1.5497,1.50,1.32
2013.05.23 03:09:36.281,1.54945,1.54968,1.13,2.44
2013.05.23 03:09:38.734,1.54942,1.54968,3.00,2.44
2013.05.23 03:09:39.223,1.54944,1.54967,1.50,1.32
2013.05.23 03:09:41.114,1.54943,1.54968,1.32,1.50
2013.05.23 03:09:45.356,1.54943,1.5497,1.32,1.32
2013.05.23 03:09:47.124,1.54945,1.54971,1.13,1.32
2013.05.23 03:09:47.735,1.54946,1.54971,1.50,1.32
2013.05.23 03:09:51.727,1.54946,1.54972,1.13,1.32
2013.05.23 03:09:52.095,1.54946,1.54972,1.88,1.32
2013.05.23 03:09:52.454,1.54952,1.54974,1.50,1.13
2013.05.23 03:09:52.996,1.54951,1.54976,2.63,1.32
2013.05.23 03:09:53.056,1.54951,1.54976,1.13,1.32
2013.05.23 03:09:53.685,1.54951,1.54976,1.88,1.32
2013.05.23 03:09:55.144,1.54951,1.54979,3.00,1.32
2013.05.23 03:09:55.205,1.54951,1.5498,3.00,1.69
2013.05.23 03:09:55.744,1.54956,1.54984,1.50,1.69
2013.05.23 03:09:56.346,1.54956,1.54984,1.50,2.44
2013.05.23 03:09:57.033,1.54953,1.54984,1.88,2.44
2013.05.23 03:09:57.167,1.54959,1.54984,1.13,1.32
2013.05.23 03:09:57.417,1.54961,1.54983,1.50,1.50
2013.05.23 03:09:58.143,1.54961,1.54981,1.50,1.32
2013.05.23 03:09:58.445,1.54954,1.54976,1.13,1.50
2013.05.23 03:09:58.508,1.54954,1.54976,1.13,1.50
2013.05.23 03:09:58.695,1.54954,1.54981,2.07,2.25
2013.05.23 03:09:58.754,1.54954,1.54981,2.07,3.00
2013.05.23 03:09:59.475,1.54957,1.5498,1.50,1.69
2013.05.23 03:09:59.596,1.54952,1.54974,1.50,1.32
2013.05.23 03:09:59.656,1.54952,1.54968,1.50,1.32
2013.05.23 03:09:59.774,1.54945,1.54968,1.13,1.69
2013.05.23 03:09:59.896,1.54944,1.54962,1.50,1.50
2013.05.23 03:10:00.316,1.54941,1.54962,2.25,1.50
2013.05.23 03:10:01.204,1.54941,1.54962,2.25,1.50
2013.05.23 03:10:01.744,1.54941,1.54965,1.50,1.50
2013.05.23 03:10:01.805,1.54941,1.54965,1.50,1.50
2013.05.23 03:10:01.925,1.54947,1.54973,1.50,1.32
2013.05.23 03:10:02.056,1.54953,1.54974,1.50,3.19
2013.05.23 03:10:02.114,1.54955,1.54978,1.50,1.13
2013.05.23 03:10:02.295,1.54956,1.54978,1.50,1.13
2013.05.23 03:10:02.594,1.54956,1.54983,2.25,2.07
2013.05.23 03:10:02.775,1.54958,1.54983,1.50,1.32
2013.05.23 03:10:03.134,1.54962,1.54986,1.50,2.44
2013.05.23 03:10:04.185,1.54964,1.54992,1.13,2.82
2013.05.23 03:10:04.245,1.54964,1.54992,1.88,2.82
2013.05.23 03:10:04.555,1.54971,1.54995,1.50,1.32
2013.05.23 03:10:04.915,1.54963,1.54981,1.50,1.50
2013.05.23 03:10:05.215,1.54956,1.54976,1.13,1.50
2013.05.23 03:10:05.765,1.54955,1.5498,1.50,2.44
2013.05.23 03:10:05.885,1.54957,1.5498,1.50,3.19
2013.05.23 03:10:06.199,1.54959,1.5498,1.50,2.44
2013.05.23 03:10:06.505,1.54959,1.5498,1.88,2.44
2013.05.23 03:10:07.215,1.54956,1.54974,1.88,1.32
2013.05.23 03:10:07.335,1.54956,1.54973,1.13,2.82
2013.05.23 03:10:07.515,1.54947,1.54962,1.13,1.50
2013.05.23 03:10:07.695,1.54941,1.54962,1.50,1.50
2013.05.23 03:10:07.815,1.54938,1.54962,2.25,1.50
2013.05.23 03:10:08.274,1.54938,1.54964,1.50,1.32
2013.05.23 03:10:08.395,1.5494,1.54964,1.50,1.32
2013.05.23 03:10:08.874,1.5494,1.54964,1.88,1.32
2013.05.23 03:10:09.125,1.54941,1.54964,1.88,1.32
2013.05.23 03:10:09.915,1.54941,1.54964,2.40,1.32
2013.05.23 03:10:10.804,1.54944,1.54964,1.13,1.32
2013.05.23 03:10:13.046,1.54946,1.54963,1.13,1.13
2013.05.23 03:10:13.166,1.54937,1.54957,1.13,1.13
2013.05.23 03:10:13.225,1.5493,1.54957,1.13,2.07
2013.05.23 03:10:13.524,1.5493,1.5495,1.88,1.50
2013.05.23 03:10:14.139,1.54927,1.5495,3.00,1.50
2013.05.23 03:10:14.757,1.54929,1.54954,1.50,1.32
2013.05.23 03:10:14.826,1.54927,1.54955,1.50,1.32
2013.05.23 03:10:15.004,1.54927,1.54955,2.25,1.32
2013.05.23 03:10:15.595,1.54926,1.54954,1.50,1.32
2013.05.23 03:10:16.274,1.54926,1.54954,3.60,1.32
2013.05.23 03:10:16.866,1.54928,1.54951,1.13,1.50
2013.05.23 03:10:18.978,1.54928,1.54951,1.50,1.50
2013.05.23 03:10:19.704,1.54929,1.54951,1.13,1.50
2013.05.23 03:10:20.566,1.5493,1.54959,2.25,2.44
2013.05.23 03:10:20.924,1.54933,1.5496,1.50,2.44
2013.05.23 03:10:20.984,1.54933,1.54961,1.50,2.07
2013.05.23 03:10:21.495,1.54936,1.54961,1.13,2.07
2013.05.23 03:10:25.535,1.54936,1.54954,1.13,1.50
2013.05.23 03:10:25.776,1.54932,1.5495,1.13,1.50
2013.05.23 03:10:25.894,1.5493,1.5495,1.50,1.50
2013.05.23 03:10:26.455,1.54928,1.5495,2.44,1.50
2013.05.23 03:10:26.523,1.54929,1.5495,1.69,1.50
2013.05.23 03:10:27.315,1.54931,1.5495,1.13,1.50
2013.05.23 03:10:27.775,1.54931,1.5495,1.13,1.50
2013.05.23 03:10:28.134,1.54933,1.5495,1.13,1.50
2013.05.23 03:10:28.696,1.54933,1.54958,1.13,2.07
2013.05.23 03:10:29.235,1.54939,1.5496,1.13,1.32
2013.05.23 03:10:29.585,1.54939,1.54964,1.50,1.88
2013.05.23 03:10:29.646,1.54941,1.54968,1.13,2.07
2013.05.23 03:10:30.196,1.54942,1.54968,1.88,1.32
2013.05.23 03:10:30.558,1.54942,1.54968,1.88,1.32
2013.05.23 03:10:31.044,1.54945,1.54969,1.13,1.69
2013.05.23 03:10:31.755,1.54945,1.54966,1.13,1.50
2013.05.23 03:10:32.055,1.54945,1.54966,1.13,1.50
2013.05.23 03:10:32.265,1.54941,1.54966,2.25,1.50
2013.05.23 03:10:35.736,1.54942,1.54967,1.50,1.69
2013.05.23 03:10:38.625,1.54947,1.54968,1.13,1.32
2013.05.23 03:10:39.366,1.54947,1.5497,1.13,1.69
2013.05.23 03:10:45.764,1.54946,1.54969,1.13,1.50
2013.05.23 03:10:46.406,1.54946,1.54966,1.13,1.50
2013.05.23 03:10:46.585,1.54941,1.54966,1.73,2.44
2013.05.23 03:10:47.014,1.54941,1.54966,1.13,2.44
2013.05.23 03:10:47.260,1.54942,1.54966,1.13,2.44
2013.05.23 03:10:47.566,1.54943,1.54969,1.88,2.25
2013.05.23 03:10:47.925,1.54948,1.54969,1.13,1.50
2013.05.23 03:10:49.446,1.54947,1.54969,1.13,1.50
2013.05.23 03:10:49.515,1.54947,1.54967,1.13,1.50
2013.05.23 03:10:50.504,1.54948,1.54969,1.13,2.25
2013.05.23 03:10:51.493,1.54944,1.54969,1.69,1.50
2013.05.23 03:10:54.806,1.54944,1.54967,2.14,2.44
2013.05.23 03:10:54.924,1.54941,1.54967,1.50,2.44
2013.05.23 03:10:55.105,1.5494,1.54967,2.25,2.44
2013.05.23 03:10:55.405,1.5494,1.54967,2.25,2.44
2013.05.23 03:10:55.479,1.5494,1.54967,2.25,1.32
2013.05.23 03:10:55.546,1.54943,1.54967,1.13,1.32
2013.05.23 03:10:55.855,1.54946,1.54967,1.13,1.32
2013.05.23 03:10:56.845,1.54945,1.54963,1.50,1.69
2013.05.23 03:10:57.148,1.54929,1.54954,1.13,1.50
2013.05.23 03:10:57.215,1.54929,1.54951,1.13,1.69
2013.05.23 03:10:57.535,1.54921,1.54948,1.13,1.69
2013.05.23 03:10:57.655,1.54921,1.54949,1.13,1.32
2013.05.23 03:10:57.775,1.54926,1.54949,1.50,1.32
2013.05.23 03:10:58.134,1.54928,1.54949,1.50,1.32
2013.05.23 03:10:58.614,1.54928,1.54949,1.50,1.32
2013.05.23 03:10:59.588,1.54929,1.54949,1.13,1.32
2013.05.23 03:11:00.915,1.54929,1.54954,1.13,1.32
2013.05.23 03:11:01.154,1.54928,1.54954,1.50,1.32
2013.05.23 03:11:01.716,1.5493,1.54954,1.28,1.32
2013.05.23 03:11:01.895,1.5493,1.54959,1.13,1.69
2013.05.23 03:11:02.017,1.5493,1.5496,1.13,3.94
2013.05.23 03:11:02.466,1.5493,1.54959,1.13,1.69
2013.05.23 03:11:02.526,1.5493,1.54955,1.13,1.69
2013.05.23 03:11:02.645,1.54928,1.54955,2.25,1.69
2013.05.23 03:11:03.435,1.54928,1.54955,1.50,2.44
2013.05.23 03:11:04.334,1.54928,1.54955,1.50,1.69
2013.05.23 03:11:04.852,1.54928,1.54955,3.53,1.69
2013.05.23 03:11:04.980,1.54931,1.54955,1.13,1.69
2013.05.23 03:11:05.049,1.54932,1.54959,1.13,1.69
2013.05.23 03:11:05.297,1.54937,1.54959,1.50,1.69
2013.05.23 03:11:05.487,1.54937,1.54966,1.88,1.69
2013.05.23 03:11:06.645,1.5494,1.54967,1.13,2.07
2013.05.23 03:11:07.184,1.54941,1.54967,2.25,1.32
2013.05.23 03:11:07.826,1.54943,1.54968,1.50,1.32
2013.05.23 03:11:08.363,1.54943,1.54968,1.50,1.32
2013.05.23 03:11:15.445,1.54947,1.54968,1.13,2.07
2013.05.23 03:11:15.507,1.54947,1.54971,1.50,1.69
2013.05.23 03:11:15.569,1.5495,1.54972,1.13,2.44
2013.05.23 03:11:15.695,1.54951,1.54972,1.13,1.69
2013.05.23 03:11:16.236,1.54951,1.54977,2.25,2.44
2013.05.23 03:11:16.786,1.54952,1.54977,1.13,2.44
2013.05.23 03:11:17.026,1.54952,1.54981,1.32,2.44
2013.05.23 03:11:17.265,1.54952,1.54981,1.32,2.44
2013.05.23 03:11:17.627,1.54952,1.54981,1.32,2.44
2013.05.23 03:11:17.998,1.54951,1.54978,6.57,1.13
2013.05.23 03:11:18.600,1.54954,1.54978,1.13,1.13
2013.05.23 03:11:19.415,1.5496,1.5498,1.13,1.32
2013.05.23 03:11:21.905,1.5496,1.54976,1.13,1.50
2013.05.23 03:11:22.478,1.54961,1.54976,1.13,2.25
2013.05.23 03:11:22.718,1.54961,1.54976,1.13,1.13
2013.05.23 03:11:23.749,1.54961,1.54977,1.13,1.13
2013.05.23 03:11:26.475,1.54961,1.54973,1.13,1.13
2013.05.23 03:11:26.595,1.54955,1.54974,1.50,1.50
2013.05.23 03:11:27.067,1.54956,1.54974,1.13,2.25
2013.05.23 03:11:29.195,1.5496,1.54974,1.13,2.25
2013.05.23 03:11:29.435,1.54956,1.54974,1.13,2.25
2013.05.23 03:11:29.765,1.54959,1.54974,1.13,2.25
2013.05.23 03:11:30.006,1.54959,1.54973,1.13,1.13
2013.05.23 03:11:30.366,1.54956,1.54968,1.13,1.50
2013.05.23 03:11:30.666,1.54956,1.54972,1.13,1.50
2013.05.23 03:11:30.846,1.54956,1.54975,1.13,3.00
2013.05.23 03:11:32.496,1.54959,1.54976,1.13,2.25
2013.05.23 03:11:33.836,1.54958,1.54968,1.13,1.50
2013.05.23 03:11:34.382,1.54957,1.54968,1.13,1.13
2013.05.23 03:11:38.380,1.54957,1.54971,1.13,1.50
2013.05.23 03:11:38.506,1.54957,1.54974,1.13,1.69
2013.05.23 03:11:38.685,1.54957,1.54975,1.13,1.88
2013.05.23 03:11:39.383,1.5496,1.54975,1.13,1.50
2013.05.23 03:11:40.245,1.5496,1.54975,1.13,1.50
2013.05.23 03:11:41.059,1.5496,1.54975,1.13,1.50
2013.05.23 03:11:41.855,1.54959,1.54978,1.13,3.19
2013.05.23 03:11:43.738,1.5496,1.54977,1.13,1.13
2013.05.23 03:11:44.581,1.54962,1.54979,1.13,1.13
2013.05.23 03:11:45.786,1.54958,1.54973,2.18,1.50
2013.05.23 03:11:45.856,1.54956,1.54973,1.50,1.50
2013.05.23 03:11:46.355,1.54958,1.54974,1.13,1.50
2013.05.23 03:11:46.416,1.54963,1.54977,1.50,2.07
2013.05.23 03:11:46.535,1.54964,1.54988,2.25,1.13
2013.05.23 03:11:46.595,1.54969,1.5499,1.50,2.07
2013.05.23 03:11:46.656,1.54972,1.5499,2.07,1.13
2013.05.23 03:11:46.777,1.54972,1.54997,1.69,1.35
2013.05.23 03:11:46.898,1.54972,1.55,1.69,1.09
2013.05.23 03:11:46.966,1.54974,1.54997,1.88,1.13
2013.05.23 03:11:47.326,1.54972,1.54993,1.69,1.13
2013.05.23 03:11:47.385,1.54972,1.54999,1.69,1.50
2013.05.23 03:11:47.447,1.54972,1.55002,3.19,1.69
2013.05.23 03:11:47.505,1.54975,1.55002,1.13,1.69
2013.05.23 03:11:47.565,1.54979,1.55004,1.13,1.88
2013.05.23 03:11:47.806,1.54979,1.55007,1.13,1.69
2013.05.23 03:11:47.984,1.54979,1.55007,1.13,2.44
2013.05.23 03:11:48.225,1.54977,1.55007,2.44,2.44
2013.05.23 03:11:48.526,1.54979,1.55005,1.88,1.13
2013.05.23 03:11:48.706,1.54981,1.54997,1.13,1.13
2013.05.23 03:11:48.887,1.5497,1.54991,1.50,1.65
2013.05.23 03:11:48.946,1.54962,1.54987,1.69,1.50
2013.05.23 03:11:49.065,1.5496,1.54985,1.50,1.32
2013.05.23 03:11:49.126,1.5496,1.54985,1.50,2.07
2013.05.23 03:11:49.615,1.54962,1.54987,1.88,1.69
2013.05.23 03:11:49.854,1.54966,1.54991,1.13,1.69
2013.05.23 03:11:49.974,1.54968,1.54992,1.13,2.44
2013.05.23 03:11:50.570,1.54962,1.5499,2.93,1.88
2013.05.23 03:11:51.236,1.54963,1.54988,1.20,3.00
2013.05.23 03:11:51.296,1.54961,1.54986,1.95,2.07
2013.05.23 03:11:51.355,1.5496,1.54986,1.50,2.07
2013.05.23 03:11:51.895,1.54959,1.54985,1.13,1.32
2013.05.23 03:11:52.397,1.54959,1.54986,1.13,2.82
2013.05.23 03:11:52.455,1.54959,1.54986,1.13,2.82
2013.05.23 03:11:53.005,1.54966,1.54985,1.13,1.32
2013.05.23 03:11:53.306,1.54967,1.54994,1.50,3.19
2013.05.23 03:11:53.426,1.5497,1.54999,1.50,2.44
2013.05.23 03:11:53.665,1.54971,1.55,1.50,2.07
2013.05.23 03:11:54.205,1.54973,1.55,1.13,2.07
2013.05.23 03:11:54.875,1.54973,1.54996,1.50,2.07
2013.05.23 03:11:55.174,1.54973,1.54999,1.88,2.07
2013.05.23 03:11:55.735,1.54977,1.54996,1.13,1.32
2013.05.23 03:11:55.796,1.54973,1.54997,1.13,1.69
2013.05.23 03:11:55.915,1.54971,1.54997,1.13,1.32
2013.05.23 03:11:56.035,1.54969,1.5499,1.13,1.32
2013.05.23 03:11:56.405,1.54959,1.54987,2.82,1.32
2013.05.23 03:11:56.761,1.54959,1.54985,1.88,1.32
2013.05.23 03:11:59.305,1.54961,1.54984,1.50,1.69
2013.05.23 03:11:59.684,1.54954,1.5498,1.88,1.09
2013.05.23 03:12:00.275,1.54954,1.5498,2.25,1.09
2013.05.23 03:12:00.636,1.54953,1.5498,1.13,1.09
2013.05.23 03:12:04.405,1.54953,1.54978,1.13,1.69
2013.05.23 03:12:05.277,1.54954,1.54979,1.28,1.69
2013.05.23 03:12:05.466,1.54957,1.54981,1.13,1.69
2013.05.23 03:12:05.525,1.54957,1.54981,1.13,1.69
2013.05.23 03:12:06.947,1.54964,1.5498,2.25,1.32
2013.05.23 03:12:07.075,1.54966,1.5498,1.50,1.13
2013.05.23 03:12:07.195,1.54962,1.54986,2.25,2.82
2013.05.23 03:12:07.436,1.54965,1.54987,2.25,1.69
2013.05.23 03:12:07.685,1.54965,1.54989,1.50,1.69
2013.05.23 03:12:07.937,1.54966,1.5499,1.50,1.69
2013.05.23 03:12:08.295,1.54967,1.54994,1.13,1.32
2013.05.23 03:12:08.924,1.54968,1.54994,1.13,1.32
2013.05.23 03:12:09.655,1.54967,1.54994,2.25,1.32
2013.05.23 03:12:09.775,1.5497,1.54994,1.13,1.32
2013.05.23 03:12:10.167,1.54974,1.54994,1.13,1.13
2013.05.23 03:12:10.475,1.5497,1.54997,1.50,1.69
2013.05.23 03:12:10.655,1.54968,1.54996,1.13,3.19
2013.05.23 03:12:11.336,1.54968,1.54994,1.13,1.13
2013.05.23 03:12:11.646,1.54967,1.54993,1.13,1.32
2013.05.23 03:12:14.457,1.54964,1.54993,3.64,1.69
2013.05.23 03:12:14.575,1.54962,1.54993,1.69,2.07
2013.05.23 03:12:14.777,1.54964,1.54993,2.44,2.07
2013.05.23 03:12:16.505,1.54972,1.54993,1.13,2.07
2013.05.23 03:12:17.234,1.54973,1.54998,1.13,1.69
2013.05.23 03:12:17.572,1.54975,1.54997,1.13,1.69
2013.05.23 03:12:18.716,1.54977,1.54997,1.13,1.50
2013.05.23 03:12:19.015,1.54977,1.55002,1.13,1.32
2013.05.23 03:12:19.136,1.54974,1.55001,1.13,1.32
2013.05.23 03:12:19.255,1.54973,1.55,1.88,1.13
2013.05.23 03:12:19.495,1.54974,1.54996,1.50,1.13
2013.05.23 03:12:19.557,1.54973,1.54996,1.69,1.13
2013.05.23 03:12:19.619,1.54973,1.54997,1.69,1.13
2013.05.23 03:12:19.745,1.54973,1.54997,1.32,3.00
2013.05.23 03:12:20.293,1.54974,1.54995,1.13,1.50
2013.05.23 03:12:22.795,1.54966,1.5499,1.50,1.69
2013.05.23 03:12:23.155,1.5496,1.54979,1.13,1.50
2013.05.23 03:12:23.216,1.54952,1.54979,2.07,1.88
2013.05.23 03:12:23.396,1.54949,1.54974,1.50,1.09
2013.05.23 03:12:23.455,1.54948,1.54974,1.50,1.84
2013.05.23 03:12:23.696,1.54947,1.54969,1.13,1.50
2013.05.23 03:12:23.754,1.54947,1.54971,1.13,2.25
2013.05.23 03:12:23.877,1.54947,1.54968,1.13,2.25
2013.05.23 03:12:24.114,1.54941,1.5497,1.88,2.25
2013.05.23 03:12:24.174,1.54941,1.5497,1.13,1.50
2013.05.23 03:12:24.675,1.54941,1.5497,1.88,1.50
2013.05.23 03:12:24.736,1.54941,1.5497,1.69,1.50
2013.05.23 03:12:25.295,1.54941,1.5497,1.69,1.69
2013.05.23 03:12:25.655,1.54955,1.54978,1.13,1.69
2013.05.23 03:12:26.195,1.54956,1.54983,1.88,2.44
2013.05.23 03:12:26.644,1.54956,1.54983,1.88,2.44
2013.05.23 03:12:27.607,1.54956,1.54977,1.88,1.09
2013.05.23 03:12:27.692,1.54954,1.5497,1.20,1.50
2013.05.23 03:12:27.816,1.54951,1.54968,1.20,1.69
2013.05.23 03:12:27.876,1.54942,1.54966,1.50,1.69
2013.05.23 03:12:28.056,1.54939,1.54966,1.13,2.44
2013.05.23 03:12:28.815,1.54941,1.54966,1.50,2.44
2013.05.23 03:12:29.506,1.54941,1.54966,1.13,2.44
2013.05.23 03:12:29.953,1.54944,1.54966,1.13,2.44
2013.05.23 03:12:30.695,1.54943,1.54966,1.13,2.44
2013.05.23 03:12:30.995,1.54944,1.54971,1.13,4.32
2013.05.23 03:12:31.205,1.54944,1.54971,1.13,2.82
2013.05.23 03:12:31.265,1.54944,1.54971,1.13,2.07
2013.05.23 03:12:31.597,1.54947,1.5497,1.13,1.69
2013.05.23 03:12:32.135,1.54947,1.5497,1.13,1.50
2013.05.23 03:12:33.116,1.54948,1.54968,1.13,2.44
2013.05.23 03:12:37.262,1.54944,1.5497,1.13,1.69
2013.05.23 03:12:37.341,1.54944,1.5497,1.13,1.69
2013.05.23 03:12:37.409,1.54946,1.54972,1.13,3.19
2013.05.23 03:12:37.535,1.54945,1.54974,1.88,2.44
2013.05.23 03:12:37.774,1.54948,1.54972,1.50,1.50
2013.05.23 03:12:38.076,1.54952,1.54975,1.13,1.69
2013.05.23 03:12:38.435,1.54956,1.54976,1.13,1.32
2013.05.23 03:12:38.555,1.54956,1.54976,1.13,1.32
2013.05.23 03:12:40.425,1.54956,1.54976,1.13,1.32
2013.05.23 03:12:42.984,1.54957,1.5498,1.13,2.82
2013.05.23 03:12:44.368,1.54959,1.5498,1.50,2.82
2013.05.23 03:12:44.669,1.54964,1.5498,1.50,1.13
2013.05.23 03:12:45.466,1.54958,1.54983,1.88,1.69
2013.05.23 03:12:45.645,1.5496,1.54985,1.13,1.69
2013.05.23 03:12:46.186,1.54961,1.54989,1.13,3.94
2013.05.23 03:12:46.918,1.54962,1.54989,1.13,2.44
2013.05.23 03:12:46.987,1.54962,1.54989,1.13,2.44
2013.05.23 03:12:48.076,1.54965,1.5499,1.13,1.69
2013.05.23 03:12:48.135,1.54965,1.5499,1.13,1.69
2013.05.23 03:12:49.066,1.54963,1.5499,1.50,1.69
2013.05.23 03:12:49.186,1.54967,1.54991,1.13,1.69
2013.05.23 03:12:49.245,1.54975,1.54993,1.50,1.69
2013.05.23 03:12:49.792,1.54975,1.54993,1.50,1.32
2013.05.23 03:12:49.917,1.54979,1.55,1.50,2.82
2013.05.23 03:12:49.986,1.54986,1.55,1.50,2.44
2013.05.23 03:12:50.106,1.54986,1.55001,1.88,1.50
2013.05.23 03:12:50.166,1.54989,1.55007,1.50,2.44
2013.05.23 03:12:50.586,1.54982,1.55004,1.88,1.69
2013.05.23 03:12:50.945,1.54984,1.55007,1.88,1.32
2013.05.23 03:12:51.005,1.54984,1.55007,1.88,1.13
2013.05.23 03:12:51.125,1.54979,1.55006,1.32,1.50
2013.05.23 03:12:51.185,1.54979,1.55004,1.32,1.13
2013.05.23 03:12:51.485,1.54975,1.55004,2.63,2.44
2013.05.23 03:12:51.616,1.54975,1.55004,1.50,1.32
2013.05.23 03:12:51.795,1.54976,1.55003,1.13,1.32
2013.05.23 03:12:52.136,1.54972,1.54994,2.07,1.88
2013.05.23 03:12:52.327,1.54965,1.5499,1.50,1.50
2013.05.23 03:12:52.395,1.54964,1.5499,1.32,1.50
2013.05.23 03:12:52.936,1.54965,1.54992,1.88,2.44
2013.05.23 03:12:53.115,1.54966,1.54992,1.13,3.19
2013.05.23 03:12:53.689,1.54963,1.54991,1.69,1.32
2013.05.23 03:12:53.894,1.54963,1.54991,1.69,2.07
2013.05.23 03:12:54.405,1.54962,1.54992,2.07,2.82
2013.05.23 03:12:55.083,1.54962,1.54991,2.82,1.50
2013.05.23 03:12:55.522,1.54965,1.54991,1.50,1.50
2013.05.23 03:12:56.116,1.54965,1.54991,1.50,1.50
2013.05.23 03:12:57.062,1.54968,1.54989,1.13,1.50
2013.05.23 03:12:57.305,1.54967,1.54988,1.13,1.50
2013.05.23 03:12:58.274,1.54965,1.54992,1.50,1.69
2013.05.23 03:12:58.514,1.54965,1.54992,1.50,1.69
2013.05.23 03:13:00.105,1.5497,1.54991,1.13,1.50
2013.05.23 03:13:00.464,1.54958,1.54988,1.88,2.82
2013.05.23 03:13:00.824,1.54959,1.54984,1.50,1.13
2013.05.23 03:13:01.064,1.54962,1.54986,1.13,1.13
2013.05.23 03:13:02.245,1.54966,1.54989,1.13,1.50
2013.05.23 03:13:02.561,1.54965,1.54989,1.13,1.13
2013.05.23 03:13:04.456,1.54958,1.54984,1.13,1.13
2013.05.23 03:13:04.669,1.54954,1.54984,2.44,1.88
2013.05.23 03:13:04.881,1.54958,1.54984,1.13,1.88
2013.05.23 03:13:05.485,1.5496,1.54984,1.13,1.88
2013.05.23 03:13:06.158,1.5496,1.54984,1.13,2.25
2013.05.23 03:13:08.134,1.54961,1.54984,1.13,2.63
2013.05.23 03:13:08.785,1.54961,1.54983,1.13,1.32
2013.05.23 03:13:08.845,1.54954,1.54983,2.70,1.32
2013.05.23 03:13:08.966,1.54954,1.54983,2.63,1.32
2013.05.23 03:13:09.386,1.54954,1.54983,1.88,1.32
2013.05.23 03:13:09.706,1.54957,1.54983,1.13,1.32
2013.05.23 03:13:10.055,1.54959,1.54983,1.13,1.32
2013.05.23 03:13:10.245,1.54958,1.54983,1.13,1.32
2013.05.23 03:13:10.538,1.54959,1.54982,1.13,1.69
2013.05.23 03:13:10.855,1.54952,1.5498,1.50,1.69
2013.05.23 03:13:11.430,1.54951,1.5498,1.32,2.07
2013.05.23 03:13:12.345,1.54951,1.54979,1.13,1.69
2013.05.23 03:13:12.682,1.54951,1.54978,1.88,1.69
2013.05.23 03:13:13.044,1.54953,1.54981,2.63,2.44
2013.05.23 03:13:13.345,1.54953,1.54981,2.63,1.69
2013.05.23 03:13:13.776,1.54958,1.54981,1.13,1.69
2013.05.23 03:13:14.135,1.54953,1.54981,1.50,1.69
2013.05.23 03:13:15.156,1.54959,1.54982,1.13,1.50
2013.05.23 03:13:15.704,1.54959,1.54983,1.13,1.32
2013.05.23 03:13:20.856,1.5496,1.54984,1.13,1.69
2013.05.23 03:13:20.975,1.5496,1.54984,1.13,1.69
2013.05.23 03:13:23.115,1.5496,1.54984,1.13,1.69
2013.05.23 03:13:25.095,1.5496,1.54984,1.13,2.44
2013.05.23 03:13:26.535,1.5496,1.54985,1.13,1.50
2013.05.23 03:13:28.235,1.5496,1.54984,1.13,1.69
2013.05.23 03:13:30.165,1.54961,1.54985,1.19,3.19
2013.05.23 03:13:30.845,1.5496,1.54984,1.13,1.69
2013.05.23 03:13:32.935,1.5496,1.54984,1.13,1.69
2013.05.23 03:13:33.975,1.54954,1.54984,3.19,2.44
2013.05.23 03:13:34.523,1.54954,1.54984,1.69,3.19
2013.05.23 03:13:34.585,1.54954,1.54984,1.69,3.94
2013.05.23 03:13:35.325,1.54963,1.54984,1.13,2.25
2013.05.23 03:13:35.446,1.5496,1.54986,1.13,1.69
2013.05.23 03:13:38.444,1.54957,1.54986,1.13,1.69
2013.05.23 03:13:38.991,1.54956,1.54985,2.03,1.69
2013.05.23 03:13:39.127,1.5496,1.54985,1.13,2.44
2013.05.23 03:13:39.785,1.5496,1.54985,1.13,1.69
2013.05.23 03:13:40.736,1.54964,1.54987,1.13,1.69
2013.05.23 03:13:40.795,1.54962,1.54992,1.88,3.19
2013.05.23 03:13:40.975,1.54964,1.5499,1.13,1.69
2013.05.23 03:13:41.955,1.54962,1.54985,1.13,1.13
2013.05.23 03:13:42.266,1.54932,1.54961,1.69,2.25
2013.05.23 03:13:42.386,1.5493,1.54958,1.50,1.69
2013.05.23 03:13:42.446,1.5493,1.54959,2.63,1.69
2013.05.23 03:13:42.765,1.54931,1.54959,1.50,1.69
2013.05.23 03:13:43.305,1.54934,1.54962,1.65,2.44
2013.05.23 03:13:43.365,1.54935,1.54962,1.65,1.69
2013.05.23 03:13:43.545,1.54938,1.54965,2.25,1.32
2013.05.23 03:13:43.964,1.54939,1.54966,1.50,1.69
2013.05.23 03:13:44.495,1.54939,1.54966,1.13,1.69
2013.05.23 03:13:45.045,1.54941,1.54966,1.50,1.69
2013.05.23 03:13:46.205,1.54941,1.54967,1.88,2.07
2013.05.23 03:13:47.022,1.54942,1.54957,1.50,1.69
2013.05.23 03:13:47.092,1.54938,1.54958,1.50,1.69
2013.05.23 03:13:47.156,1.54934,1.54958,1.13,1.69
2013.05.23 03:13:47.336,1.54934,1.54958,1.13,1.69
2013.05.23 03:13:47.455,1.54934,1.54958,1.13,1.69
2013.05.23 03:13:47.515,1.54934,1.54962,1.13,1.32
2013.05.23 03:13:47.695,1.5494,1.54963,1.50,1.69
2013.05.23 03:13:47.755,1.5494,1.54965,1.50,1.69
2013.05.23 03:13:47.936,1.5494,1.54968,1.13,3.94
2013.05.23 03:13:48.494,1.54944,1.54967,1.50,2.44
2013.05.23 03:13:48.735,1.54941,1.54967,1.50,1.69
2013.05.23 03:13:48.855,1.5494,1.54967,1.88,2.44
2013.05.23 03:13:49.438,1.5494,1.54967,1.50,1.69
2013.05.23 03:13:49.747,1.54947,1.54975,1.50,2.44
2013.05.23 03:13:49.996,1.54942,1.54972,1.50,1.50
2013.05.23 03:13:50.058,1.54941,1.5497,1.50,1.50
2013.05.23 03:13:50.305,1.5494,1.5497,1.69,2.25
2013.05.23 03:13:50.435,1.5494,1.54969,1.69,1.13
2013.05.23 03:13:50.739,1.54942,1.54969,1.13,1.13
2013.05.23 03:13:51.525,1.54942,1.5497,1.13,1.13
2013.05.23 03:13:51.765,1.54944,1.54971,1.13,1.50
2013.05.23 03:13:52.067,1.54949,1.54975,1.50,1.50
2013.05.23 03:13:52.126,1.54954,1.54981,1.50,2.44
2013.05.23 03:13:52.305,1.54954,1.54982,2.25,1.69
2013.05.23 03:13:52.965,1.54953,1.54977,1.50,1.13
2013.05.23 03:13:53.086,1.54951,1.54977,1.50,1.13
2013.05.23 03:13:53.215,1.54952,1.54981,1.50,2.07
2013.05.23 03:13:53.456,1.54952,1.54981,1.50,2.07
2013.05.23 03:13:53.984,1.54952,1.54981,1.50,2.07
2013.05.23 03:13:54.300,1.54951,1.5498,1.88,1.32
2013.05.23 03:13:54.487,1.54953,1.54981,2.07,1.50
2013.05.23 03:13:54.845,1.54956,1.54984,1.50,1.32
2013.05.23 03:13:55.236,1.54953,1.54983,1.32,2.07
2013.05.23 03:13:55.655,1.54954,1.54983,1.13,3.57
2013.05.23 03:13:56.075,1.54955,1.54983,1.58,3.57
2013.05.23 03:13:56.876,1.54951,1.54977,2.48,1.13
2013.05.23 03:13:57.336,1.54953,1.54969,1.35,1.13
2013.05.23 03:13:57.413,1.54937,1.54965,1.69,1.13
2013.05.23 03:13:57.598,1.54935,1.54966,1.88,2.44
2013.05.23 03:13:57.665,1.54935,1.54966,2.25,1.69
2013.05.23 03:13:58.025,1.54938,1.54967,1.88,1.69
2013.05.23 03:13:58.564,1.5494,1.54968,1.50,2.07
2013.05.23 03:13:58.918,1.54946,1.54968,1.13,2.07
2013.05.23 03:14:03.044,1.54946,1.54968,1.13,1.32
2013.05.23 03:14:04.315,1.54946,1.54968,1.13,1.32
2013.05.23 03:14:04.435,1.54942,1.5497,1.88,1.69
2013.05.23 03:14:04.495,1.54944,1.54974,1.50,3.19
2013.05.23 03:14:04.555,1.54944,1.54974,1.50,3.19
2013.05.23 03:14:05.065,1.54945,1.54974,1.13,1.50
2013.05.23 03:14:05.305,1.54949,1.54974,1.13,1.50
2013.05.23 03:14:06.105,1.54949,1.54973,1.13,2.25
2013.05.23 03:14:06.557,1.54949,1.54976,1.13,2.82
2013.05.23 03:14:07.662,1.54949,1.54976,1.13,4.32
2013.05.23 03:14:08.084,1.54952,1.54975,1.13,1.69
2013.05.23 03:14:09.976,1.5495,1.54974,1.13,1.69
2013.05.23 03:14:10.036,1.54948,1.54971,1.20,1.13
2013.05.23 03:14:10.276,1.5494,1.54969,2.67,1.50
2013.05.23 03:14:10.636,1.5494,1.54968,2.07,1.50
2013.05.23 03:14:10.695,1.5494,1.54969,2.07,2.25
2013.05.23 03:14:11.055,1.5494,1.54967,2.07,1.50
2013.05.23 03:14:11.396,1.5494,1.54967,2.07,1.50
2013.05.23 03:14:11.926,1.54943,1.54968,1.13,1.50
2013.05.23 03:14:12.445,1.5494,1.54963,1.69,1.50
2013.05.23 03:14:12.685,1.54927,1.54951,1.32,1.50
2013.05.23 03:14:13.465,1.54932,1.54956,2.63,3.19
2013.05.23 03:14:13.647,1.54932,1.54955,2.63,1.32
2013.05.23 03:14:13.704,1.54924,1.54955,2.63,1.32
2013.05.23 03:14:13.765,1.54924,1.54954,1.13,1.13
2013.05.23 03:14:14.125,1.54923,1.54953,1.50,2.63
2013.05.23 03:14:14.645,1.54923,1.54952,1.50,1.13
2013.05.23 03:14:14.956,1.5493,1.54957,1.20,2.82
2013.05.23 03:14:15.027,1.5493,1.5496,1.20,2.07
2013.05.23 03:14:15.096,1.5493,1.5496,1.20,2.07
2013.05.23 03:14:15.215,1.54929,1.54959,3.08,1.50
2013.05.23 03:14:15.516,1.54932,1.54955,1.13,1.13
2013.05.23 03:14:15.815,1.54925,1.54954,1.35,2.82
2013.05.23 03:14:15.875,1.54921,1.54951,3.57,1.13
2013.05.23 03:14:15.998,1.54921,1.54951,2.82,1.88
2013.05.23 03:14:16.724,1.54921,1.54951,1.69,1.88
2013.05.23 03:14:16.789,1.54926,1.54951,1.13,1.88
2013.05.23 03:14:19.626,1.54926,1.54951,1.13,2.25
2013.05.23 03:14:21.064,1.54926,1.54951,1.13,1.88
2013.05.23 03:14:21.251,1.54923,1.54951,1.65,1.88
2013.05.23 03:14:22.035,1.54927,1.54951,1.13,2.82
2013.05.23 03:14:25.108,1.54926,1.54952,1.13,1.69
2013.05.23 03:14:32.439,1.54926,1.54952,1.13,1.69
2013.05.23 03:14:41.051,1.54926,1.54951,1.13,1.69
2013.05.23 03:14:42.725,1.54926,1.54951,1.35,1.69
2013.05.23 03:14:43.085,1.54926,1.54951,1.28,1.69
2013.05.23 03:14:46.716,1.54931,1.54957,1.13,1.69
2013.05.23 03:14:46.955,1.54931,1.54957,1.13,1.69
2013.05.23 03:14:47.315,1.54931,1.54956,1.13,1.32
2013.05.23 03:14:52.755,1.54931,1.54952,1.13,1.50
2013.05.23 03:14:53.475,1.54931,1.54953,1.13,1.32
2013.05.23 03:14:54.296,1.54926,1.54953,1.65,1.32
2013.05.23 03:14:54.355,1.54924,1.54953,1.88,1.32
2013.05.23 03:14:54.588,1.54924,1.54954,1.88,1.32
2013.05.23 03:14:55.255,1.54924,1.54954,1.88,1.32
2013.05.23 03:14:55.615,1.54924,1.54953,1.69,1.32
2013.05.23 03:14:56.175,1.54926,1.54952,1.13,1.32
2013.05.23 03:14:56.498,1.5493,1.5495,1.13,1.50
2013.05.23 03:14:56.626,1.54925,1.54942,1.28,1.50
2013.05.23 03:14:56.745,1.54918,1.54942,1.88,3.00
2013.05.23 03:14:56.926,1.54918,1.5494,1.13,1.50
2013.05.23 03:14:57.105,1.54913,1.54941,1.69,1.88
2013.05.23 03:14:57.406,1.54924,1.54945,1.13,2.44
2013.05.23 03:14:58.016,1.54923,1.54946,1.13,1.50
2013.05.23 03:14:58.375,1.54924,1.5495,1.13,1.50
2013.05.23 03:14:59.735,1.54924,1.54951,1.13,1.69
2013.05.23 03:15:02.444,1.54925,1.54954,1.20,2.07
2013.05.23 03:15:03.955,1.54931,1.54954,1.13,1.32
2013.05.23 03:15:04.927,1.54931,1.54954,1.13,1.32
2013.05.23 03:15:05.397,1.54932,1.54955,1.13,2.44
2013.05.23 03:15:05.459,1.54932,1.54957,1.13,1.69
2013.05.23 03:15:05.885,1.54934,1.54961,3.00,2.44
2013.05.23 03:15:06.374,1.54937,1.54965,1.13,1.32
2013.05.23 03:15:06.626,1.54937,1.54965,1.13,1.32
2013.05.23 03:15:07.456,1.54937,1.54965,1.13,1.69
2013.05.23 03:15:08.054,1.54937,1.54965,2.70,1.69
2013.05.23 03:15:08.365,1.54935,1.54964,1.50,2.44
2013.05.23 03:15:08.910,1.54935,1.54964,1.69,2.25
2013.05.23 03:15:09.275,1.54936,1.54964,1.13,1.50
2013.05.23 03:15:09.575,1.54938,1.54966,2.70,3.57
2013.05.23 03:15:10.205,1.54941,1.54965,1.13,2.44
2013.05.23 03:15:10.465,1.5494,1.54964,1.13,1.50
2013.05.23 03:15:10.705,1.5494,1.54964,1.13,1.50
2013.05.23 03:15:11.565,1.5494,1.54965,1.13,2.44
2013.05.23 03:15:12.956,1.5494,1.54963,1.13,1.50
2013.05.23 03:15:13.257,1.54934,1.54961,2.07,1.50
2013.05.23 03:15:13.867,1.54934,1.54957,1.32,1.13
2013.05.23 03:15:14.116,1.54924,1.54953,1.69,1.50
2013.05.23 03:15:14.236,1.54921,1.54951,1.88,1.50
2013.05.23 03:15:14.355,1.54921,1.5495,1.13,1.50
2013.05.23 03:15:14.895,1.54921,1.54946,1.13,1.50
2013.05.23 03:15:15.413,1.54919,1.54946,1.13,1.50
2013.05.23 03:15:15.598,1.54915,1.54946,2.07,1.50
2013.05.23 03:15:16.075,1.54915,1.54946,2.07,1.50
2013.05.23 03:15:17.045,1.54921,1.54946,1.13,1.50
2013.05.23 03:15:19.006,1.54922,1.54946,1.13,2.25
2013.05.23 03:15:20.212,1.54921,1.54946,1.13,1.50
2013.05.23 03:15:20.385,1.54921,1.54946,1.13,2.25
2013.05.23 03:15:20.447,1.54921,1.54944,1.13,1.24
2013.05.23 03:15:20.775,1.54919,1.5494,2.03,2.25
2013.05.23 03:15:20.897,1.5492,1.54947,1.13,2.07
2013.05.23 03:15:22.917,1.54922,1.54949,1.13,1.69
2013.05.23 03:15:23.696,1.54923,1.54949,2.70,2.44
2013.05.23 03:15:24.227,1.54926,1.54947,1.13,1.69
2013.05.23 03:15:24.875,1.54926,1.54947,1.13,1.69
2013.05.23 03:15:25.265,1.54925,1.54946,1.13,1.69
2013.05.23 03:15:25.505,1.54919,1.54946,1.13,1.69
2013.05.23 03:15:25.685,1.54919,1.54946,1.13,1.69
2013.05.23 03:15:26.045,1.54925,1.54946,1.13,1.69
2013.05.23 03:15:26.667,1.54924,1.54946,1.13,3.00
2013.05.23 03:15:26.978,1.54919,1.54938,3.45,1.50
2013.05.23 03:15:27.165,1.54908,1.54939,1.32,2.44
2013.05.23 03:15:27.346,1.54906,1.54935,1.13,1.50
2013.05.23 03:15:27.796,1.54908,1.54935,1.13,1.50
2013.05.23 03:15:28.428,1.54909,1.54935,1.13,1.50
2013.05.23 03:15:28.496,1.54909,1.54938,1.13,1.69
2013.05.23 03:15:28.618,1.54915,1.54938,1.28,1.69
2013.05.23 03:15:28.987,1.54917,1.54941,1.13,1.32
2013.05.23 03:15:29.115,1.54911,1.54942,1.88,3.19
2013.05.23 03:15:29.416,1.54919,1.54941,1.13,1.32
2013.05.23 03:15:30.055,1.54919,1.54941,1.13,3.19
2013.05.23 03:15:30.406,1.5491,1.5494,2.25,1.13
2013.05.23 03:15:30.477,1.5491,1.5494,1.50,2.63
2013.05.23 03:15:30.876,1.5491,1.54939,1.20,2.44
2013.05.23 03:15:31.195,1.54915,1.54939,1.13,2.44
2013.05.23 03:15:32.495,1.54915,1.54938,1.13,2.44
2013.05.23 03:15:34.577,1.54911,1.54936,1.20,1.32
2013.05.23 03:15:34.635,1.54909,1.54936,1.50,1.32
2013.05.23 03:15:34.815,1.54905,1.54935,1.50,1.50
2013.05.23 03:15:35.117,1.54908,1.54935,1.28,1.50
2013.05.23 03:15:36.146,1.54915,1.54936,1.13,2.82
2013.05.23 03:15:37.475,1.54914,1.54933,1.13,1.88
2013.05.23 03:15:37.786,1.5491,1.54932,1.35,1.13
2013.05.23 03:15:38.541,1.54904,1.54932,1.13,1.13
2013.05.23 03:15:38.612,1.54904,1.54932,2.03,1.13
2013.05.23 03:15:39.396,1.54908,1.54933,1.13,1.50
2013.05.23 03:15:39.636,1.54909,1.54933,1.13,1.50
2013.05.23 03:15:39.936,1.54908,1.54934,1.13,1.13
2013.05.23 03:15:40.057,1.5491,1.54936,1.13,1.69
2013.05.23 03:15:40.247,1.54908,1.54937,1.88,2.07
2013.05.23 03:15:40.485,1.54909,1.54937,1.73,2.07
2013.05.23 03:15:40.845,1.54912,1.54937,1.13,2.07
2013.05.23 03:15:42.145,1.54913,1.54935,1.13,1.32
2013.05.23 03:15:46.206,1.54913,1.54936,1.13,2.07
2013.05.23 03:15:57.097,1.54915,1.54936,1.13,2.44
2013.05.23 03:15:57.547,1.54908,1.54936,1.58,2.44
2013.05.23 03:16:00.356,1.54911,1.54937,1.13,1.69
2013.05.23 03:16:00.596,1.54913,1.54936,1.13,1.50
2013.05.23 03:16:02.436,1.54909,1.54936,1.13,1.50
2013.05.23 03:16:02.676,1.54911,1.54936,1.13,1.50
2013.05.23 03:16:02.816,1.54911,1.54938,1.13,1.69
2013.05.23 03:16:02.876,1.54912,1.5494,1.50,1.88
2013.05.23 03:16:02.997,1.54912,1.54942,2.25,2.44
2013.05.23 03:16:03.309,1.54914,1.54942,1.50,1.50
2013.05.23 03:16:03.496,1.54914,1.54944,1.50,3.19
2013.05.23 03:16:03.867,1.54913,1.54944,2.40,2.44
2013.05.23 03:16:04.529,1.54921,1.54943,1.13,1.69
2013.05.23 03:16:04.716,1.54921,1.54943,1.13,1.69
2013.05.23 03:16:04.896,1.54916,1.54945,1.13,1.69
2013.05.23 03:16:05.427,1.54917,1.54945,1.13,1.69
2013.05.23 03:16:06.017,1.54919,1.54945,1.65,1.69
2013.05.23 03:16:06.556,1.54921,1.54945,1.13,1.69
2013.05.23 03:16:12.165,1.54924,1.54945,1.13,1.69
2013.05.23 03:16:12.985,1.54923,1.54947,1.13,1.69
2013.05.23 03:16:13.709,1.54923,1.54948,1.13,1.69
2013.05.23 03:16:14.278,1.54923,1.54947,1.13,1.69
2013.05.23 03:16:14.915,1.5492,1.54947,1.35,2.44
2013.05.23 03:16:15.155,1.54921,1.54947,1.13,1.69
2013.05.23 03:16:15.722,1.54924,1.54947,1.13,1.69
2013.05.23 03:16:20.907,1.5492,1.54948,2.33,1.69
2013.05.23 03:16:20.966,1.5492,1.54948,1.50,1.69
2013.05.23 03:16:21.972,1.5492,1.54948,1.50,1.69
2013.05.23 03:16:22.286,1.5492,1.54947,1.50,1.69
2013.05.23 03:16:23.096,1.54922,1.54948,1.13,1.69
2013.05.23 03:16:23.636,1.54924,1.54949,1.88,2.44
2013.05.23 03:16:24.316,1.54924,1.54949,1.88,2.44
2013.05.23 03:16:25.086,1.54926,1.54949,1.13,2.44
2013.05.23 03:16:26.470,1.54925,1.54948,1.13,1.69
2013.05.23 03:16:27.049,1.54925,1.54948,1.13,1.69
2013.05.23 03:16:28.058,1.54921,1.54948,1.13,1.69
2013.05.23 03:16:28.126,1.54919,1.54948,1.88,1.69
2013.05.23 03:16:29.036,1.54921,1.54948,2.25,1.69
2013.05.23 03:16:29.397,1.54925,1.54952,1.13,1.69
2013.05.23 03:16:34.385,1.54924,1.54952,1.50,1.69
2013.05.23 03:16:34.820,1.54924,1.54952,1.13,1.69
2013.05.23 03:16:35.557,1.5493,1.54954,1.13,3.19
2013.05.23 03:16:35.856,1.54932,1.54954,1.50,3.19
2013.05.23 03:16:35.917,1.54932,1.54954,1.50,1.69
2013.05.23 03:16:35.988,1.54929,1.54958,1.13,3.19
2013.05.23 03:16:36.057,1.54936,1.54958,1.50,2.44
2013.05.23 03:16:36.561,1.54936,1.54955,1.50,1.69
2013.05.23 03:16:36.636,1.54933,1.54956,1.13,1.69
2013.05.23 03:16:36.772,1.54931,1.54958,1.13,1.69
2013.05.23 03:16:37.385,1.54931,1.54959,1.13,1.69
2013.05.23 03:16:37.626,1.54934,1.54958,1.13,1.69
2013.05.23 03:16:38.175,1.54934,1.54962,1.13,1.69
2013.05.23 03:16:38.536,1.54934,1.54962,1.13,2.44
2013.05.23 03:16:38.775,1.54935,1.54962,1.13,2.44
2013.05.23 03:16:38.836,1.54935,1.54962,1.13,1.69
2013.05.23 03:16:39.457,1.5494,1.54962,1.13,1.69
2013.05.23 03:16:39.517,1.5494,1.54968,1.13,3.19
2013.05.23 03:16:40.355,1.54941,1.54968,1.13,1.69
2013.05.23 03:16:40.475,1.54942,1.54969,1.13,1.69
2013.05.23 03:16:41.036,1.54944,1.54969,2.25,1.69
2013.05.23 03:16:41.156,1.54946,1.54971,1.13,3.19
2013.05.23 03:16:41.727,1.54947,1.54971,1.13,2.44
2013.05.23 03:16:42.710,1.54945,1.54971,1.13,1.69
2013.05.23 03:16:43.018,1.54943,1.54969,1.13,2.25
2013.05.23 03:16:43.326,1.54946,1.5497,1.13,2.44
2013.05.23 03:16:43.745,1.54946,1.5497,1.13,1.69
2013.05.23 03:16:43.867,1.54943,1.54968,2.25,1.50
2013.05.23 03:16:44.425,1.54946,1.54968,1.13,1.50
2013.05.23 03:16:44.997,1.54942,1.54968,1.50,2.44
2013.05.23 03:16:45.366,1.54942,1.54966,1.13,1.32
2013.05.23 03:16:45.907,1.54942,1.54967,1.13,1.69
2013.05.23 03:16:46.526,1.54939,1.54968,1.88,1.69
2013.05.23 03:16:46.956,1.54942,1.54966,1.13,1.32
2013.05.23 03:16:51.286,1.54935,1.54961,1.50,1.32
2013.05.23 03:16:51.525,1.54935,1.5496,1.50,1.69
2013.05.23 03:16:52.046,1.54936,1.5496,1.50,1.69
2013.05.23 03:16:52.405,1.54939,1.54961,1.13,1.32
2013.05.23 03:16:53.057,1.54939,1.54962,1.13,1.69
2013.05.23 03:16:54.247,1.54939,1.54963,1.13,2.07
2013.05.23 03:16:54.465,1.54939,1.54963,1.13,1.32
2013.05.23 03:16:55.092,1.54939,1.54964,1.13,1.13
2013.05.23 03:16:55.466,1.54937,1.54963,1.50,1.32
2013.05.23 03:16:55.825,1.54935,1.54962,1.13,2.44
2013.05.23 03:16:55.885,1.54935,1.54961,1.13,1.50
2013.05.23 03:16:56.187,1.54934,1.54958,1.13,1.32
2013.05.23 03:16:56.576,1.54936,1.54958,1.13,2.07
2013.05.23 03:16:57.047,1.54936,1.54957,1.13,1.69
2013.05.23 03:17:04.506,1.54931,1.54955,1.13,1.69
2013.05.23 03:17:04.625,1.5493,1.54955,1.50,1.69
2013.05.23 03:17:04.806,1.54927,1.54955,1.50,1.69
2013.05.23 03:17:05.045,1.54929,1.54955,1.13,1.69
2013.05.23 03:17:05.651,1.54929,1.54955,1.58,1.69
2013.05.23 03:17:05.905,1.54928,1.54955,1.50,1.69
2013.05.23 03:17:06.026,1.54934,1.54955,1.13,2.07
2013.05.23 03:17:06.887,1.54934,1.54953,1.13,1.69
2013.05.23 03:17:07.307,1.54933,1.54955,1.13,1.32
2013.05.23 03:17:07.427,1.54934,1.54952,1.13,1.50
2013.05.23 03:17:07.996,1.5493,1.54951,1.58,1.50
2013.05.23 03:17:08.056,1.54928,1.54951,1.50,1.13
2013.05.23 03:17:08.237,1.54934,1.54951,1.13,1.50
2013.05.23 03:17:09.280,1.54931,1.54951,1.13,1.50
2013.05.23 03:17:09.585,1.54929,1.54951,1.50,1.50
2013.05.23 03:17:09.647,1.54929,1.54951,1.50,1.13
2013.05.23 03:17:09.945,1.5493,1.54954,1.13,1.32
2013.05.23 03:17:10.246,1.54934,1.54954,1.13,1.13
2013.05.23 03:17:10.427,1.54935,1.54958,1.13,1.32
2013.05.23 03:17:10.975,1.54932,1.54958,1.88,1.32
2013.05.23 03:17:11.385,1.54935,1.54958,1.13,2.07
2013.05.23 03:17:12.075,1.54935,1.54958,2.40,2.07
2013.05.23 03:17:12.845,1.54939,1.54958,1.13,1.13
2013.05.23 03:17:14.317,1.54935,1.54958,1.13,1.13
2013.05.23 03:17:14.375,1.54932,1.54958,1.69,1.13
2013.05.23 03:17:14.659,1.54935,1.54958,1.13,1.13
2013.05.23 03:17:14.996,1.54937,1.54958,1.13,1.13
2013.05.23 03:17:15.620,1.54937,1.54958,1.13,1.13
2013.05.23 03:17:16.576,1.54937,1.54958,1.13,1.13
2013.05.23 03:17:16.636,1.54937,1.5496,1.13,1.50
2013.05.23 03:17:16.817,1.54943,1.54966,1.13,1.50
2013.05.23 03:17:16.876,1.54943,1.54969,1.13,1.13
2013.05.23 03:17:17.116,1.54944,1.54969,1.50,1.13
2013.05.23 03:17:17.178,1.54947,1.54972,1.50,1.69
2013.05.23 03:17:17.248,1.54947,1.54974,1.69,2.25
2013.05.23 03:17:17.317,1.5495,1.54978,1.50,1.69
2013.05.23 03:17:17.436,1.54952,1.54981,2.07,1.50
2013.05.23 03:17:17.498,1.54953,1.54981,1.13,1.13
2013.05.23 03:17:17.817,1.5495,1.54977,1.69,1.13
2013.05.23 03:17:17.886,1.5495,1.54975,1.69,1.50
2013.05.23 03:17:18.445,1.54945,1.54972,1.13,1.69
2013.05.23 03:17:18.806,1.54944,1.54971,3.08,2.07
2013.05.23 03:17:19.127,1.54944,1.54971,1.88,1.32
2013.05.23 03:17:19.426,1.54946,1.54972,2.48,1.32
2013.05.23 03:17:19.786,1.54947,1.54972,1.13,2.07
2013.05.23 03:17:19.846,1.54947,1.54969,1.13,1.13
2013.05.23 03:17:19.966,1.54945,1.54972,1.13,2.07
2013.05.23 03:17:20.449,1.54948,1.54973,1.32,1.13
2013.05.23 03:17:20.696,1.54947,1.54974,3.57,1.88
2013.05.23 03:17:20.997,1.54941,1.54969,2.25,2.25
2013.05.23 03:17:21.066,1.54942,1.54969,1.50,2.25
2013.05.23 03:17:22.052,1.54939,1.54966,1.69,1.13
2013.05.23 03:17:22.121,1.54944,1.54968,1.13,2.25
2013.05.23 03:17:22.369,1.5494,1.54968,2.07,2.25
2013.05.23 03:17:22.615,1.54942,1.54968,1.13,2.25
2013.05.23 03:17:26.638,1.54945,1.54971,1.13,3.19
2013.05.23 03:17:26.709,1.54945,1.54971,1.13,1.69
2013.05.23 03:17:26.967,1.54943,1.54974,2.25,2.82
2013.05.23 03:17:27.509,1.54943,1.54974,3.53,2.82
2013.05.23 03:17:28.286,1.54946,1.54974,1.13,1.32
2013.05.23 03:17:28.614,1.54948,1.54975,2.85,2.82
2013.05.23 03:17:28.916,1.5495,1.54972,1.13,1.50
2013.05.23 03:17:29.256,1.5495,1.54971,1.13,1.50
2013.05.23 03:17:30.936,1.54948,1.54971,1.13,2.25
2013.05.23 03:17:31.380,1.54947,1.54973,1.13,1.50
2013.05.23 03:17:31.505,1.54948,1.54974,1.13,2.82
2013.05.23 03:17:34.435,1.54948,1.54971,1.13,1.13
2013.05.23 03:17:34.736,1.54948,1.54972,1.13,3.19
2013.05.23 03:17:34.916,1.54945,1.54972,1.35,3.94
2013.05.23 03:17:35.217,1.54943,1.54972,3.23,3.94
2013.05.23 03:17:37.215,1.54947,1.54973,1.13,1.32
2013.05.23 03:17:37.516,1.54948,1.54972,1.13,1.13
2013.05.23 03:17:40.227,1.54947,1.54969,1.13,1.50
2013.05.23 03:17:40.475,1.54946,1.5497,1.13,1.32
2013.05.23 03:17:40.658,1.54948,1.54974,1.50,1.69
2013.05.23 03:17:41.206,1.54951,1.54975,1.13,2.44
2013.05.23 03:17:41.513,1.54951,1.54976,1.13,3.19
2013.05.23 03:17:41.816,1.54953,1.54982,1.13,3.38
2013.05.23 03:17:41.937,1.54959,1.5498,1.50,1.32
2013.05.23 03:17:41.999,1.54955,1.54983,3.19,1.88
2013.05.23 03:17:42.126,1.54955,1.54983,2.07,1.50
2013.05.23 03:17:42.366,1.54955,1.54983,2.07,1.50
2013.05.23 03:17:42.487,1.5496,1.54983,1.50,1.13
2013.05.23 03:17:42.547,1.5496,1.54986,1.50,2.07
2013.05.23 03:17:43.085,1.5496,1.5499,2.25,1.69
2013.05.23 03:17:43.647,1.5496,1.54983,1.50,1.13
2013.05.23 03:17:43.946,1.54949,1.54976,1.13,1.69
2013.05.23 03:17:44.187,1.54951,1.54976,1.50,1.69
2013.05.23 03:17:44.556,1.54954,1.54982,1.13,2.44
2013.05.23 03:17:44.738,1.54956,1.54983,1.13,1.50
2013.05.23 03:17:44.927,1.5496,1.54986,1.88,2.82
2013.05.23 03:17:45.046,1.54961,1.54986,1.13,1.32
2013.05.23 03:17:45.106,1.54961,1.54987,1.13,1.69
2013.05.23 03:17:45.655,1.54962,1.5499,1.50,2.44
2013.05.23 03:17:46.366,1.54961,1.54983,1.13,1.13
2013.05.23 03:17:46.426,1.54959,1.54983,2.25,1.13
2013.05.23 03:17:46.609,1.54957,1.54983,1.50,1.32
2013.05.23 03:17:46.736,1.54954,1.54982,2.44,1.32
2013.05.23 03:17:46.930,1.54954,1.54982,2.44,1.32
2013.05.23 03:17:47.236,1.54954,1.54982,1.69,2.07
2013.05.23 03:17:48.217,1.54957,1.54983,1.13,1.32
2013.05.23 03:17:48.807,1.54958,1.54979,1.50,1.13
2013.05.23 03:17:48.988,1.54955,1.54978,1.50,1.69
2013.05.23 03:17:49.056,1.5495,1.54978,1.13,1.69
2013.05.23 03:17:49.667,1.54948,1.54978,1.32,1.69
2013.05.23 03:17:50.585,1.54947,1.54976,4.32,1.13
2013.05.23 03:17:50.645,1.5495,1.54976,1.13,1.88
2013.05.23 03:17:50.963,1.54952,1.54978,1.13,2.07
2013.05.23 03:17:51.917,1.54951,1.54978,1.13,2.07
2013.05.23 03:17:52.815,1.54951,1.54978,1.13,3.19
2013.05.23 03:17:53.235,1.5495,1.54976,1.13,2.07
2013.05.23 03:17:53.625,1.54949,1.54976,1.13,2.07
2013.05.23 03:17:53.685,1.54947,1.54974,1.88,1.13
2013.05.23 03:17:53.987,1.54947,1.54974,1.13,1.88
2013.05.23 03:17:54.549,1.54948,1.54974,1.13,1.88
2013.05.23 03:17:55.415,1.54948,1.54974,1.13,2.44
2013.05.23 03:17:55.655,1.54948,1.54974,1.88,2.07
2013.05.23 03:17:56.627,1.54948,1.54973,1.88,1.32
2013.05.23 03:17:56.756,1.5495,1.54974,1.13,1.69
2013.05.23 03:17:58.816,1.54948,1.54973,1.50,1.32
2013.05.23 03:17:59.355,1.54948,1.54973,1.50,1.32
2013.05.23 03:18:01.085,1.54947,1.54974,1.13,2.07
2013.05.23 03:18:07.795,1.54946,1.54974,2.25,2.82
2013.05.23 03:18:08.525,1.54947,1.54974,1.50,2.82
2013.05.23 03:18:10.309,1.54947,1.54974,1.50,2.82
2013.05.23 03:18:10.859,1.54948,1.54974,1.50,2.82
2013.05.23 03:18:11.287,1.54952,1.54977,1.88,1.32
2013.05.23 03:18:11.465,1.54953,1.54977,1.50,2.07
2013.05.23 03:18:12.606,1.54954,1.54978,2.25,2.07
2013.05.23 03:18:12.666,1.54955,1.54978,1.50,1.32
2013.05.23 03:18:12.978,1.54959,1.54982,2.25,2.44
2013.05.23 03:18:13.051,1.5496,1.54986,1.13,2.44
2013.05.23 03:18:13.578,1.54962,1.54987,1.88,2.44
2013.05.23 03:18:15.027,1.54962,1.54989,1.13,3.19
2013.05.23 03:18:15.446,1.54962,1.54987,1.13,1.32
2013.05.23 03:18:15.935,1.54962,1.54988,1.88,1.32
2013.05.23 03:18:15.999,1.54962,1.54988,2.25,1.32
2013.05.23 03:18:16.445,1.54962,1.54988,1.88,2.07
2013.05.23 03:18:16.826,1.54962,1.54987,1.88,1.69
2013.05.23 03:18:17.156,1.54962,1.54988,1.88,1.32
2013.05.23 03:18:22.180,1.54961,1.54987,1.13,1.69
2013.05.23 03:18:22.366,1.54959,1.54986,1.13,1.69
2013.05.23 03:18:22.825,1.54961,1.54987,1.13,2.44
2013.05.23 03:18:25.526,1.54957,1.54985,2.25,1.69
2013.05.23 03:18:25.646,1.54957,1.54985,1.88,1.69
2013.05.23 03:18:26.226,1.54957,1.54985,1.88,1.69
2013.05.23 03:18:35.086,1.54958,1.54985,1.13,1.69
2013.05.23 03:18:35.645,1.54957,1.54985,1.13,1.69
2013.05.23 03:18:44.506,1.54955,1.54982,1.50,1.69
2013.05.23 03:18:44.685,1.54955,1.54982,1.50,2.44
2013.05.23 03:18:45.746,1.54955,1.54983,1.50,2.44
2013.05.23 03:18:50.836,1.54961,1.54988,1.50,1.32
2013.05.23 03:18:51.136,1.54962,1.54989,1.88,1.69
2013.05.23 03:18:51.435,1.54962,1.54988,1.13,1.32
2013.05.23 03:18:54.836,1.54959,1.54986,1.50,1.69
2013.05.23 03:18:55.365,1.54959,1.54987,1.50,2.44
2013.05.23 03:18:55.939,1.54959,1.54985,1.13,1.69
2013.05.23 03:19:00.777,1.54957,1.54985,1.88,1.69
2013.05.23 03:19:01.016,1.54955,1.54984,2.63,1.32
2013.05.23 03:19:01.267,1.54953,1.54982,1.88,1.13
2013.05.23 03:19:01.806,1.54954,1.54983,1.50,1.13
2013.05.23 03:19:02.234,1.54956,1.54982,1.50,1.13
2013.05.23 03:19:07.146,1.54953,1.54982,1.50,1.69
2013.05.23 03:19:07.879,1.54953,1.54982,1.13,1.69
2013.05.23 03:19:08.265,1.54953,1.54981,1.88,2.44
2013.05.23 03:19:12.147,1.54953,1.54983,1.88,2.44
2013.05.23 03:19:12.685,1.54953,1.54983,1.88,1.32
2013.05.23 03:19:13.309,1.54953,1.54982,1.88,1.69
2013.05.23 03:19:13.436,1.54956,1.54984,1.88,2.44
2013.05.23 03:19:13.975,1.54956,1.54985,1.13,2.44
2013.05.23 03:19:14.745,1.54958,1.54986,1.13,2.44
2013.05.23 03:19:15.391,1.54958,1.54986,1.13,1.69
2013.05.23 03:19:20.245,1.54957,1.54986,2.25,1.69
2013.05.23 03:19:20.936,1.54959,1.54986,1.50,1.69
2013.05.23 03:19:21.486,1.54959,1.54985,1.50,1.69
2013.05.23 03:19:26.724,1.54959,1.54988,1.50,1.32
2013.05.23 03:19:27.385,1.54959,1.54987,1.50,1.69
2013.05.23 03:19:27.567,1.54959,1.54987,1.50,2.82
2013.05.23 03:19:51.506,1.54958,1.54986,1.88,1.50
2013.05.23 03:19:52.175,1.54958,1.54986,2.25,1.50
2013.05.23 03:19:52.345,1.54958,1.54986,2.25,2.25
2013.05.23 03:19:52.868,1.54958,1.54986,2.25,2.25
2013.05.23 03:19:53.683,1.54958,1.54986,2.25,3.19
2013.05.23 03:19:56.966,1.54959,1.54986,1.50,2.44
2013.05.23 03:19:57.445,1.54958,1.54985,1.13,1.69
2013.05.23 03:19:58.148,1.54959,1.54985,1.13,1.69
2013.05.23 03:19:59.986,1.54954,1.54982,2.07,1.50
2013.05.23 03:20:20.916,1.54954,1.54981,2.25,2.07
2013.05.23 03:20:20.976,1.54954,1.54981,2.25,1.32
2013.05.23 03:20:23.167,1.54956,1.54981,1.50,1.13
2013.05.23 03:20:25.367,1.54956,1.54981,1.88,1.50
2013.05.23 03:20:34.104,1.5496,1.54981,1.50,1.50
2013.05.23 03:20:34.407,1.54961,1.54985,1.13,2.07
2013.05.23 03:20:34.467,1.54958,1.54984,1.50,1.32
2013.05.23 03:20:34.526,1.54956,1.54984,2.07,1.32
2013.05.23 03:20:34.587,1.54956,1.54984,2.07,1.32
2013.05.23 03:20:34.946,1.54957,1.54985,1.50,2.44
2013.05.23 03:20:36.345,1.54963,1.54985,1.50,1.32
2013.05.23 03:20:36.645,1.54963,1.5499,2.25,1.69
2013.05.23 03:20:36.705,1.54963,1.54988,3.00,1.13
2013.05.23 03:20:36.886,1.54963,1.54989,2.25,1.32
2013.05.23 03:20:36.946,1.54961,1.54988,1.50,1.13
2013.05.23 03:20:37.006,1.54961,1.54987,1.50,1.13
2013.05.23 03:20:37.128,1.54959,1.54985,2.25,1.69
2013.05.23 03:20:37.246,1.54959,1.54984,1.50,1.69
2013.05.23 03:20:39.716,1.54956,1.54981,1.88,1.50
2013.05.23 03:20:42.737,1.54953,1.54983,2.63,2.44
2013.05.23 03:20:43.429,1.54953,1.54983,2.25,2.44
2013.05.23 03:20:43.786,1.5496,1.54979,1.50,1.50
2013.05.23 03:20:43.968,1.54956,1.54983,2.25,1.69
2013.05.23 03:20:44.038,1.54961,1.54983,1.50,1.69
2013.05.23 03:20:44.166,1.54961,1.54986,1.50,1.69
2013.05.23 03:20:44.285,1.54958,1.54985,1.88,1.13
2013.05.23 03:20:44.407,1.5496,1.54985,1.50,1.13
2013.05.23 03:20:44.656,1.54955,1.54982,1.32,1.50
2013.05.23 03:20:44.716,1.54956,1.54982,1.69,1.50
2013.05.23 03:20:44.835,1.54955,1.5498,1.32,1.50
2013.05.23 03:20:44.962,1.54956,1.54983,1.32,1.50
2013.05.23 03:20:45.607,1.54958,1.54982,1.13,1.50
2013.05.23 03:20:47.126,1.54956,1.54982,1.32,1.50
2013.05.23 03:20:48.186,1.54956,1.5498,1.13,2.44
2013.05.23 03:20:48.365,1.54952,1.54978,1.13,1.50
2013.05.23 03:20:49.656,1.54952,1.5498,1.13,1.32
2013.05.23 03:20:49.848,1.54952,1.5498,1.13,2.07
2013.05.23 03:20:50.977,1.5495,1.54977,1.50,1.88
2013.05.23 03:20:51.516,1.54952,1.54976,1.13,1.50
2013.05.23 03:20:51.636,1.54952,1.54975,1.13,1.50
2013.05.23 03:20:52.505,1.54952,1.54973,1.13,1.50
2013.05.23 03:20:52.936,1.54952,1.54974,1.13,2.25
2013.05.23 03:20:53.649,1.54952,1.54978,1.13,2.25
2013.05.23 03:20:56.367,1.5495,1.54978,1.13,1.88
2013.05.23 03:20:56.427,1.54949,1.54976,1.69,1.50
2013.05.23 03:20:56.487,1.54945,1.54973,1.69,2.25
2013.05.23 03:20:56.608,1.54942,1.54971,1.50,1.32
2013.05.23 03:20:56.845,1.54941,1.54971,1.50,2.07
2013.05.23 03:20:57.106,1.54941,1.5497,1.50,1.13
2013.05.23 03:20:57.226,1.54941,1.54971,1.50,1.32
2013.05.23 03:20:57.437,1.54941,1.5497,1.50,1.13
2013.05.23 03:20:57.797,1.54937,1.54967,2.63,2.07
2013.05.23 03:20:58.287,1.5494,1.54966,1.50,1.32
2013.05.23 03:21:06.737,1.54941,1.54968,1.13,1.69
2013.05.23 03:21:06.796,1.54941,1.54969,1.13,1.13
2013.05.23 03:21:07.488,1.54942,1.54969,1.50,1.88
2013.05.23 03:21:21.047,1.54941,1.54967,1.13,1.50
2013.05.23 03:21:21.588,1.54941,1.54968,1.32,1.65
2013.05.23 03:21:21.657,1.54938,1.54967,1.69,2.03
2013.05.23 03:21:21.716,1.54937,1.54965,1.50,2.44
2013.05.23 03:21:21.837,1.54935,1.54964,2.44,1.69
2013.05.23 03:21:22.018,1.54941,1.54964,1.50,2.07
2013.05.23 03:21:22.347,1.54935,1.54965,2.82,2.07
2013.05.23 03:21:22.466,1.54937,1.54964,1.13,1.32
2013.05.23 03:21:22.766,1.54936,1.54964,1.13,2.44
2013.05.23 03:21:23.187,1.54936,1.54964,1.13,3.19
2013.05.23 03:21:24.288,1.54941,1.54964,1.13,1.50
2013.05.23 03:21:25.726,1.54941,1.54969,1.13,2.07
2013.05.23 03:21:26.311,1.54942,1.54967,1.13,1.13
2013.05.23 03:21:26.396,1.54939,1.54966,1.13,1.28
2013.05.23 03:21:26.529,1.54939,1.54965,1.13,2.63
2013.05.23 03:21:26.600,1.54937,1.54965,2.44,3.00
2013.05.23 03:21:27.575,1.54937,1.54965,2.44,3.38
2013.05.23 03:21:28.196,1.54937,1.54961,1.13,1.13
2013.05.23 03:21:28.507,1.54939,1.54961,1.13,2.25
2013.05.23 03:21:29.396,1.54935,1.54961,1.32,1.50
2013.05.23 03:21:29.456,1.54934,1.54961,2.07,1.50
2013.05.23 03:21:30.247,1.54936,1.54961,1.32,1.13
2013.05.23 03:21:30.308,1.54936,1.54961,1.13,2.07
2013.05.23 03:21:30.488,1.5494,1.54968,1.69,1.88
2013.05.23 03:21:30.786,1.54947,1.54971,1.50,2.82
2013.05.23 03:21:32.397,1.54947,1.54971,1.50,1.69
2013.05.23 03:21:32.908,1.5495,1.54972,1.13,1.88
2013.05.23 03:21:40.367,1.54954,1.54972,1.50,2.25
2013.05.23 03:21:40.490,1.54951,1.54973,2.25,1.88
2013.05.23 03:21:40.737,1.54953,1.54975,2.25,1.50
2013.05.23 03:21:40.885,1.54953,1.54978,2.25,2.25
2013.05.23 03:21:40.948,1.54953,1.54979,1.69,2.25
2013.05.23 03:21:41.255,1.54954,1.54978,1.13,1.50
2013.05.23 03:21:41.495,1.54953,1.54979,2.44,1.50
2013.05.23 03:21:42.926,1.54956,1.54979,1.13,1.50
2013.05.23 03:21:44.887,1.54957,1.54978,1.13,1.50
2013.05.23 03:21:45.549,1.54957,1.54979,1.13,2.25
2013.05.23 03:21:46.276,1.54957,1.54979,1.13,2.44
2013.05.23 03:21:48.605,1.54954,1.54978,1.50,1.13
2013.05.23 03:21:48.786,1.54957,1.54978,1.13,1.13
2013.05.23 03:21:50.596,1.54954,1.54977,1.50,1.13
2013.05.23 03:21:53.805,1.54957,1.54979,1.13,1.50
2013.05.23 03:21:54.167,1.54952,1.54977,1.13,1.50
2013.05.23 03:21:54.227,1.54952,1.54977,1.13,2.07
2013.05.23 03:21:54.347,1.54949,1.54976,1.50,1.50
2013.05.23 03:21:55.698,1.54949,1.54974,1.50,1.50
2013.05.23 03:21:55.887,1.54946,1.54973,2.44,1.50
2013.05.23 03:21:55.950,1.54946,1.54974,2.44,1.50
2013.05.23 03:21:56.088,1.54946,1.54973,2.07,1.88
2013.05.23 03:21:56.436,1.54944,1.54971,1.69,1.50
2013.05.23 03:21:56.977,1.54944,1.54973,1.69,1.13
2013.05.23 03:21:59.167,1.54944,1.54974,1.32,2.82
2013.05.23 03:21:59.668,1.54944,1.54973,1.69,1.13
2013.05.23 03:22:01.181,1.54947,1.54974,2.44,1.88
2013.05.23 03:22:01.247,1.54951,1.54978,1.13,1.69
2013.05.23 03:22:01.605,1.54953,1.54978,1.69,1.13
2013.05.23 03:22:01.966,1.54952,1.5498,2.82,1.13
2013.05.23 03:22:02.085,1.54953,1.54982,3.19,1.88
2013.05.23 03:22:02.386,1.54951,1.54977,1.13,2.44
2013.05.23 03:22:02.745,1.54951,1.54978,1.13,3.19
2013.05.23 03:22:03.106,1.54951,1.54976,1.13,1.50
2013.05.23 03:22:03.647,1.54951,1.54978,1.13,3.19
2013.05.23 03:22:03.777,1.54948,1.54976,1.69,1.32
2013.05.23 03:22:04.136,1.5495,1.54976,1.50,1.50
2013.05.23 03:22:04.437,1.54952,1.54976,1.50,1.13
2013.05.23 03:22:04.680,1.5495,1.54979,1.13,1.32
2013.05.23 03:22:04.748,1.54953,1.54979,2.25,1.32
2013.05.23 03:22:04.935,1.54949,1.54979,2.07,2.07
2013.05.23 03:22:04.995,1.54949,1.54979,1.32,2.07
2013.05.23 03:22:05.056,1.54949,1.54979,2.07,2.82
2013.05.23 03:22:05.416,1.54954,1.54979,1.50,2.07
2013.05.23 03:22:05.776,1.54954,1.54976,1.50,1.13
2013.05.23 03:22:06.076,1.54949,1.54976,1.50,1.13
2013.05.23 03:22:06.317,1.5495,1.54978,1.50,2.25
2013.05.23 03:22:06.378,1.5495,1.54978,1.50,1.50
2013.05.23 03:22:06.447,1.54953,1.5498,1.50,1.69
2013.05.23 03:22:06.891,1.54958,1.5498,2.25,1.69
2013.05.23 03:22:06.971,1.5495,1.54975,1.50,1.32
2013.05.23 03:22:07.168,1.54952,1.54977,1.50,2.07
2013.05.23 03:22:07.359,1.54951,1.54977,1.13,2.07
2013.05.23 03:22:07.919,1.54955,1.54977,2.25,1.32
2013.05.23 03:22:08.287,1.54956,1.54978,1.50,1.69
2013.05.23 03:22:08.346,1.54956,1.54981,1.50,1.13
2013.05.23 03:22:08.527,1.54961,1.54983,1.50,1.69
2013.05.23 03:22:08.827,1.54951,1.54981,3.19,1.69
2013.05.23 03:22:08.947,1.54957,1.54982,1.69,1.13
2013.05.23 03:22:09.008,1.54957,1.54984,2.44,3.00
2013.05.23 03:22:09.247,1.5496,1.54986,1.50,1.32
2013.05.23 03:22:09.366,1.5496,1.54986,1.50,1.32
2013.05.23 03:22:09.426,1.54961,1.54985,2.25,1.69
2013.05.23 03:22:09.786,1.54962,1.54986,1.50,1.32
2013.05.23 03:22:09.846,1.54962,1.54986,1.50,1.69
2013.05.23 03:22:10.026,1.54954,1.54979,1.13,1.69
2013.05.23 03:22:10.086,1.54954,1.5498,1.13,1.84
2013.05.23 03:22:10.206,1.54951,1.54976,2.44,1.13
2013.05.23 03:22:10.569,1.54946,1.54967,1.13,1.50
2013.05.23 03:22:11.076,1.54945,1.54967,2.25,1.50
2013.05.23 03:22:11.986,1.54948,1.54967,1.50,1.50
2013.05.23 03:22:13.827,1.54948,1.5497,1.50,1.13
2013.05.23 03:22:14.067,1.54948,1.54973,2.25,2.44
2013.05.23 03:22:14.186,1.54952,1.54973,2.25,1.50
2013.05.23 03:22:14.487,1.54952,1.5497,1.13,1.50
