2009.05.28 23:00:31.870,1.54235,1.5428,1.00,1.40
2009.05.28 23:00:40.808,1.54235,1.5428,1.00,4.60
2009.05.28 23:00:40.928,1.54235,1.5427,1.00,1.00
2009.05.28 23:00:41.458,1.5422,1.54265,1.00,1.40
2009.05.28 23:01:00.293,1.54175,1.5427,1.00,1.60
2009.05.28 23:01:00.523,1.5421,1.54265,1.00,1.40
2009.05.28 23:01:24.107,1.5424,1.5429,1.00,2.40
2009.05.28 23:01:24.548,1.5424,1.5429,1.00,1.00
2009.05.28 23:01:24.867,1.5425,1.54295,1.00,2.40
2009.05.28 23:01:25.277,1.5426,1.54295,1.00,2.40
2009.05.28 23:01:25.617,1.5426,1.54295,1.00,1.60
2009.05.28 23:01:26.657,1.5426,1.543,1.00,2.40
2009.05.28 23:01:26.897,1.5426,1.543,1.00,1.60
2009.05.28 23:01:28.386,1.5426,1.54305,1.00,2.40
2009.05.28 23:01:28.566,1.5426,1.54305,1.00,1.60
2009.05.28 23:01:31.586,1.5425,1.54295,1.00,1.60
2009.05.28 23:01:34.255,1.54245,1.54295,1.00,1.60
2009.05.28 23:01:34.945,1.54245,1.54305,1.00,2.40
2009.05.28 23:01:35.385,1.54255,1.5434,1.00,3.20
2009.05.28 23:01:35.505,1.54255,1.5434,1.00,1.60
2009.05.28 23:01:35.915,1.54265,1.5434,1.00,1.60
2009.05.28 23:01:36.215,1.54265,1.5433,1.00,2.40
2009.05.28 23:01:45.032,1.5426,1.54305,1.00,1.60
2009.05.28 23:02:08.757,1.5425,1.54295,1.00,1.60
2009.05.28 23:02:18.924,1.5426,1.54305,1.00,1.60
2009.05.28 23:02:26.082,1.5426,1.54295,1.00,1.60
2009.05.28 23:02:26.472,1.54225,1.5428,1.00,1.40
2009.05.28 23:02:26.523,1.5421,1.54265,1.00,1.40
2009.05.28 23:02:27.192,1.5422,1.54275,1.00,1.40
2009.05.28 23:02:29.082,1.54245,1.5429,1.00,1.60
2009.05.28 23:02:35.111,1.5426,1.543,1.00,1.00
2009.05.28 23:02:35.170,1.5426,1.54315,1.00,1.00
2009.05.28 23:02:37.550,1.5426,1.54305,1.00,1.00
2009.05.28 23:02:38.240,1.54275,1.5432,1.00,1.00
2009.05.28 23:02:44.208,1.54265,1.5431,1.00,1.60
2009.05.28 23:02:47.559,1.54275,1.5432,1.00,1.60
2009.05.28 23:02:49.197,1.54265,1.5431,1.00,1.60
2009.05.28 23:03:01.214,1.54275,1.5432,1.00,1.60
2009.05.28 23:03:24.069,1.5427,1.54315,1.00,1.60
2009.05.28 23:03:59.070,1.5428,1.5433,1.00,1.40
2009.05.28 23:04:01.799,1.54295,1.5434,1.00,1.20
2009.05.28 23:04:10.118,1.54305,1.5435,1.00,1.40
2009.05.28 23:04:11.687,1.5431,1.5436,1.00,1.40
2009.05.28 23:04:11.737,1.54315,1.5436,1.00,1.60
2009.05.28 23:04:12.137,1.5433,1.54385,1.00,1.60
2009.05.28 23:04:12.257,1.54315,1.5437,1.00,1.60
2009.05.28 23:04:12.587,1.5431,1.54365,1.00,1.60
2009.05.28 23:04:14.176,1.5433,1.54375,1.00,4.80
2009.05.28 23:04:14.637,1.5433,1.54375,1.00,1.60
2009.05.28 23:04:39.091,1.5434,1.54385,1.00,1.60
2009.05.28 23:04:39.600,1.54345,1.5439,1.00,1.60
2009.05.28 23:04:43.649,1.54355,1.544,1.00,1.60
2009.05.28 23:05:04.804,1.5435,1.54385,1.00,1.20
2009.05.28 23:05:07.583,1.5434,1.54375,1.00,1.20
2009.05.28 23:05:24.709,1.5433,1.5437,1.00,1.20
2009.05.28 23:05:31.928,1.54315,1.5436,1.00,1.20
2009.05.28 23:05:32.617,1.5431,1.54355,3.40,1.20
2009.05.28 23:05:38.396,1.5431,1.54355,3.40,1.60
2009.05.28 23:05:38.616,1.5431,1.5435,3.40,1.60
2009.05.28 23:05:38.676,1.5431,1.5435,1.00,1.60
2009.05.28 23:05:48.354,1.5429,1.5433,3.20,1.00
2009.05.28 23:05:48.763,1.5428,1.5433,3.40,1.00
2009.05.28 23:05:53.133,1.5428,1.5433,3.40,1.20
2009.05.28 23:05:54.412,1.5428,1.54325,3.20,1.20
2009.05.28 23:05:54.532,1.54275,1.54325,3.40,1.20
2009.05.28 23:05:55.732,1.54275,1.54325,3.40,1.00
2009.05.28 23:06:01.001,1.5428,1.54325,1.00,1.20
2009.05.28 23:06:20.296,1.54245,1.5429,3.40,1.60
2009.05.28 23:06:21.626,1.54245,1.5429,1.00,1.60
2009.05.28 23:06:22.026,1.5424,1.54285,3.40,1.00
2009.05.28 23:06:24.225,1.5424,1.5427,3.20,1.00
2009.05.28 23:06:24.405,1.54225,1.5427,1.60,1.20
2009.05.28 23:06:24.645,1.5418,1.54245,3.40,1.00
2009.05.28 23:06:24.805,1.5419,1.54255,1.00,1.00
2009.05.28 23:06:25.375,1.54195,1.5426,1.00,1.00
2009.05.28 23:06:25.785,1.542,1.54245,1.00,1.00
2009.05.28 23:06:26.125,1.54215,1.54255,1.00,4.80
2009.05.28 23:06:27.114,1.542,1.5425,1.00,1.00
2009.05.28 23:06:27.284,1.54205,1.5425,3.40,1.00
2009.05.28 23:06:27.464,1.5422,1.54255,1.00,4.80
2009.05.28 23:06:27.584,1.5421,1.5425,3.20,1.00
2009.05.28 23:06:28.034,1.5422,1.54255,1.00,4.80
2009.05.28 23:06:28.554,1.54205,1.54255,3.40,5.60
2009.05.28 23:06:28.824,1.54205,1.54255,3.40,1.00
2009.05.28 23:06:28.934,1.5422,1.54265,1.00,1.60
2009.05.28 23:06:29.194,1.5422,1.5427,1.00,5.60
2009.05.28 23:06:29.774,1.542,1.54255,1.00,5.60
2009.05.28 23:06:32.913,1.5421,1.54255,1.00,5.60
2009.05.28 23:06:39.241,1.54235,1.5427,1.00,4.80
2009.05.28 23:06:39.411,1.54235,1.5428,1.00,6.40
2009.05.28 23:06:41.741,1.54245,1.5428,1.00,4.80
2009.05.28 23:06:41.791,1.54245,1.54285,1.00,4.80
2009.05.28 23:06:44.820,1.5424,1.54285,1.00,6.40
2009.05.28 23:06:44.980,1.54245,1.54285,1.00,6.40
2009.05.28 23:06:45.440,1.54245,1.54285,1.00,4.80
2009.05.28 23:06:47.749,1.54245,1.5429,1.00,1.60
2009.05.28 23:07:02.256,1.5425,1.5429,1.00,1.00
2009.05.28 23:07:02.416,1.5425,1.54295,1.00,1.20
2009.05.28 23:07:02.656,1.5424,1.5428,1.00,1.60
2009.05.28 23:07:02.826,1.54235,1.5428,1.00,1.60
2009.05.28 23:07:15.063,1.5424,1.54285,1.00,1.60
2009.05.28 23:07:15.503,1.54235,1.5428,1.00,1.60
2009.05.28 23:07:15.903,1.5424,1.54285,1.00,1.60
2009.05.28 23:07:24.121,1.54255,1.5431,1.00,2.40
2009.05.28 23:07:24.301,1.5429,1.54315,1.00,1.00
2009.05.28 23:07:24.461,1.5429,1.54345,1.00,3.20
2009.05.28 23:07:24.760,1.5429,1.5433,1.00,3.20
2009.05.28 23:07:24.980,1.5429,1.54345,1.00,1.60
2009.05.28 23:07:25.260,1.5429,1.54345,1.00,1.00
2009.05.28 23:07:25.421,1.5428,1.5434,1.00,1.60
2009.05.28 23:07:26.280,1.54285,1.54335,1.00,4.80
2009.05.28 23:07:26.930,1.54265,1.5432,1.00,1.60
2009.05.28 23:07:28.480,1.5426,1.54305,1.00,1.60
2009.05.28 23:07:30.579,1.54275,1.5432,1.00,1.60
2009.05.28 23:07:37.087,1.54275,1.5431,1.00,4.80
2009.05.28 23:07:37.258,1.5424,1.54295,1.80,1.60
2009.05.28 23:07:37.367,1.5425,1.54305,1.00,1.60
2009.05.28 23:07:43.816,1.54265,1.54315,1.00,1.60
2009.05.28 23:07:48.445,1.5426,1.54305,1.00,1.60
2009.05.28 23:07:59.402,1.54265,1.54315,1.00,1.60
2009.05.28 23:08:02.952,1.54227,1.54273,4.80,4.80
2009.05.28 23:08:03.252,1.54231,1.54271,1.40,6.20
2009.05.28 23:08:13.290,1.5423,1.54275,5.80,1.00
2009.05.28 23:08:15.909,1.54231,1.54276,1.20,7.80
2009.05.28 23:08:16.029,1.5423,1.54275,4.80,4.80
2009.05.28 23:08:16.139,1.5423,1.54275,1.20,3.60
2009.05.28 23:08:16.499,1.54221,1.54281,1.60,4.80
2009.05.28 23:08:16.679,1.54221,1.54281,1.40,5.40
2009.05.28 23:08:17.069,1.54227,1.54277,4.80,1.00
2009.05.28 23:08:17.189,1.54236,1.54276,1.60,7.80
2009.05.28 23:08:17.409,1.5426,1.54265,2.60,1.00
2009.05.28 23:08:18.319,1.54256,1.54276,4.80,4.80
2009.05.28 23:08:18.489,1.54256,1.54281,1.60,1.00
2009.05.28 23:08:18.548,1.54252,1.54282,1.20,4.80
2009.05.28 23:08:24.577,1.54236,1.54281,1.60,4.80
2009.05.28 23:08:24.797,1.54225,1.5426,1.40,8.40
2009.05.28 23:08:25.787,1.54216,1.54252,1.40,3.80
2009.05.28 23:08:25.957,1.5422,1.5425,1.20,7.80
2009.05.28 23:08:26.896,1.54219,1.54259,1.20,1.00
2009.05.28 23:08:27.016,1.54219,1.54264,9.60,1.00
2009.05.28 23:08:27.136,1.5422,1.54265,5.80,1.00
2009.05.28 23:08:32.045,1.54218,1.54263,1.40,3.80
2009.05.28 23:08:33.115,1.54222,1.54267,1.60,7.80
2009.05.28 23:08:33.275,1.54228,1.54273,1.60,1.00
2009.05.28 23:08:34.375,1.54239,1.54279,1.20,1.00
2009.05.28 23:08:34.485,1.5425,1.54285,1.40,3.60
2009.05.28 23:08:34.654,1.5425,1.54286,2.40,1.00
2009.05.28 23:08:35.374,1.54238,1.54288,1.40,1.00
2009.05.28 23:08:37.574,1.54234,1.54274,5.80,1.00
2009.05.28 23:08:38.913,1.5423,1.54265,1.60,7.80
2009.05.28 23:08:40.603,1.54227,1.54257,1.40,5.40
2009.05.28 23:08:40.713,1.54224,1.54259,1.60,1.00
2009.05.28 23:08:40.933,1.54223,1.54263,1.20,1.00
2009.05.28 23:08:41.103,1.54226,1.54266,1.20,3.80
2009.05.28 23:08:44.272,1.54225,1.5427,1.20,1.00
2009.05.28 23:08:46.772,1.54225,1.5427,1.20,1.00
2009.05.28 23:08:46.891,1.54223,1.54268,2.60,1.00
2009.05.28 23:08:55.720,1.54219,1.54264,1.20,1.00
2009.05.28 23:08:56.069,1.54217,1.54262,1.20,1.00
2009.05.28 23:08:56.189,1.54218,1.54258,1.60,7.80
2009.05.28 23:08:58.449,1.54217,1.54262,2.40,1.00
2009.05.28 23:08:59.188,1.54216,1.54271,1.20,4.80
2009.05.28 23:08:59.419,1.54224,1.54268,1.20,1.00
2009.05.28 23:09:16.833,1.54255,1.543,1.00,1.60
2009.05.28 23:09:17.063,1.54255,1.54295,1.00,4.80
2009.05.28 23:09:17.183,1.5425,1.54295,1.00,6.40
2009.05.28 23:09:26.881,1.5425,1.54295,1.00,1.60
2009.05.28 23:09:28.481,1.54255,1.543,1.00,1.60
2009.05.28 23:09:39.768,1.54255,1.543,1.00,1.20
2009.05.28 23:09:59.493,1.54265,1.5431,1.00,1.60
2009.05.28 23:10:00.353,1.54265,1.5431,1.00,1.20
2009.05.28 23:10:08.002,1.54255,1.543,1.00,1.20
2009.05.28 23:10:15.999,1.5425,1.54295,1.00,1.60
2009.05.28 23:10:18.299,1.54255,1.543,1.00,1.20
2009.05.28 23:10:42.533,1.5423,1.54285,1.00,1.60
2009.05.28 23:10:43.942,1.5424,1.5429,1.00,1.40
2009.05.28 23:10:49.002,1.54235,1.5428,1.00,1.60
2009.05.28 23:10:49.061,1.54235,1.5428,1.00,1.40
2009.05.28 23:10:51.391,1.5424,1.54285,1.00,1.60
2009.05.28 23:10:57.369,1.5424,1.54285,1.00,1.60
2009.05.28 23:11:33.700,1.5424,1.54285,1.00,6.40
2009.05.28 23:11:33.971,1.5423,1.54275,1.00,1.20
2009.05.28 23:12:11.341,1.54225,1.54265,1.00,4.80
2009.05.28 23:12:11.571,1.5419,1.5425,1.00,1.60
2009.05.28 23:12:22.519,1.542,1.54245,1.00,1.60
2009.05.28 23:12:43.434,1.54195,1.54245,5.00,1.40
2009.05.28 23:12:43.594,1.54195,1.54245,3.40,1.40
2009.05.28 23:12:55.141,1.54205,1.54255,1.00,1.40
2009.05.28 23:13:12.427,1.54205,1.5425,1.00,1.60
2009.05.28 23:13:13.806,1.54215,1.5426,1.00,1.60
2009.05.28 23:13:13.987,1.5421,1.54255,1.00,1.20
2009.05.28 23:13:14.156,1.54215,1.54255,1.00,1.60
2009.05.28 23:13:14.276,1.54215,1.5426,1.00,1.60
2009.05.28 23:13:14.576,1.54225,1.54265,1.00,6.40
2009.05.28 23:13:15.236,1.54225,1.54265,1.00,1.60
2009.05.28 23:13:15.646,1.5422,1.54265,1.00,1.60
2009.05.28 23:13:15.986,1.5422,1.5426,1.00,1.20
2009.05.28 23:13:16.046,1.5422,1.5426,1.00,1.60
2009.05.28 23:13:17.086,1.54225,1.5427,1.00,1.60
2009.05.28 23:13:17.256,1.54225,1.5427,3.40,1.60
2009.05.28 23:13:17.546,1.5423,1.5427,1.00,1.60
2009.05.28 23:13:17.706,1.5423,1.54265,1.00,1.60
2009.05.28 23:13:18.006,1.54225,1.54265,1.00,1.60
2009.05.28 23:13:18.235,1.5422,1.54265,1.00,1.60
2009.05.28 23:13:18.625,1.54225,1.54265,1.00,1.60
2009.05.28 23:13:18.865,1.54225,1.5427,1.00,1.60
2009.05.28 23:13:19.165,1.5424,1.54285,1.00,6.20
2009.05.28 23:13:19.565,1.5424,1.54285,1.00,1.40
2009.05.28 23:13:19.685,1.54235,1.5427,1.00,1.60
2009.05.28 23:13:20.015,1.54225,1.5427,1.00,1.60
2009.05.28 23:13:20.315,1.5423,1.5427,1.00,1.60
2009.05.28 23:13:22.374,1.5424,1.54285,1.00,1.40
2009.05.28 23:13:25.074,1.54245,1.54285,1.00,1.60
2009.05.28 23:13:25.374,1.54245,1.54295,1.00,1.60
2009.05.28 23:13:25.494,1.5425,1.54295,1.00,1.60
2009.05.28 23:13:25.893,1.54265,1.543,1.00,1.20
2009.05.28 23:13:26.294,1.5425,1.54295,1.00,1.60
2009.05.28 23:13:26.693,1.54245,1.54295,1.00,1.60
2009.05.28 23:13:26.933,1.54245,1.54285,1.00,1.60
2009.05.28 23:13:27.163,1.5424,1.54285,3.40,1.60
2009.05.28 23:13:27.833,1.5424,1.5429,3.40,1.60
2009.05.28 23:13:32.172,1.5425,1.54285,3.20,1.60
2009.05.28 23:13:33.082,1.54245,1.54285,3.20,1.60
2009.05.28 23:13:33.382,1.5424,1.54285,3.40,1.60
2009.05.28 23:13:33.602,1.5424,1.54285,3.20,1.60
2009.05.28 23:13:33.772,1.54235,1.54285,3.40,1.60
2009.05.28 23:13:36.191,1.54235,1.54285,1.00,1.60
2009.05.28 23:13:37.291,1.5424,1.5429,1.00,1.60
2009.05.28 23:13:38.220,1.54235,1.5428,3.20,1.60
2009.05.28 23:13:38.331,1.5423,1.5428,1.00,1.60
2009.05.28 23:13:39.370,1.54235,1.54285,1.00,1.60
2009.05.28 23:13:41.260,1.5424,1.5429,1.00,1.60
2009.05.28 23:13:43.049,1.5423,1.5428,3.40,1.60
2009.05.28 23:13:43.109,1.5423,1.5428,4.80,1.60
2009.05.28 23:13:43.279,1.54245,1.54295,1.00,1.60
2009.05.28 23:14:21.040,1.5424,1.54285,1.00,1.60
2009.05.28 23:14:23.989,1.54235,1.5427,1.00,1.60
2009.05.28 23:14:24.150,1.54225,1.5427,1.00,1.60
2009.05.28 23:14:24.949,1.5423,1.54275,1.00,1.60
2009.05.28 23:14:31.148,1.54225,1.5427,1.00,1.60
2009.05.28 23:14:35.607,1.54225,1.5427,1.00,1.60
2009.05.28 23:14:36.066,1.54215,1.5426,1.80,1.60
2009.05.28 23:14:36.177,1.54215,1.5426,1.00,1.60
2009.05.28 23:15:09.069,1.5421,1.54255,1.80,1.60
2009.05.28 23:15:09.469,1.54205,1.54255,3.40,1.60
2009.05.28 23:15:24.625,1.54215,1.5426,1.00,1.60
2009.05.28 23:15:33.803,1.54215,1.5426,3.40,1.60
2009.05.28 23:15:34.152,1.54215,1.54245,3.40,1.60
2009.05.28 23:15:34.392,1.54215,1.54245,3.20,1.60
2009.05.28 23:15:34.503,1.5421,1.54245,3.40,1.60
2009.05.28 23:15:34.672,1.5421,1.54245,1.00,1.60
2009.05.28 23:15:34.912,1.54205,1.5425,3.40,1.60
2009.05.28 23:15:36.582,1.5421,1.54255,1.00,1.60
2009.05.28 23:15:52.498,1.5422,1.5425,1.00,1.60
2009.05.28 23:15:52.728,1.5422,1.54245,1.00,1.60
2009.05.28 23:15:53.078,1.5422,1.54255,1.00,1.40
2009.05.28 23:15:54.668,1.5422,1.5425,1.00,1.40
2009.05.28 23:15:56.317,1.5422,1.54255,1.00,1.40
2009.05.28 23:15:58.706,1.5422,1.5426,1.00,1.40
2009.05.28 23:15:59.876,1.5422,1.54255,1.00,1.40
2009.05.28 23:16:00.096,1.5421,1.5424,1.00,1.40
2009.05.28 23:16:00.456,1.542,1.5424,3.40,1.40
2009.05.28 23:16:01.466,1.54205,1.54235,1.00,1.40
2009.05.28 23:16:04.455,1.542,1.54235,3.40,1.60
2009.05.28 23:16:04.625,1.542,1.54235,1.00,1.60
2009.05.28 23:16:05.965,1.5419,1.54235,1.80,6.40
2009.05.28 23:16:06.185,1.5419,1.5423,1.00,1.60
2009.05.28 23:16:08.084,1.54195,1.5423,5.00,1.60
2009.05.28 23:16:08.484,1.54195,1.5423,3.40,1.60
2009.05.28 23:16:11.683,1.54195,1.5423,3.20,1.60
2009.05.28 23:16:12.083,1.5419,1.5423,1.00,1.60
2009.05.28 23:16:13.403,1.54195,1.5423,1.00,1.60
2009.05.28 23:16:20.541,1.54195,1.54235,1.00,1.60
2009.05.28 23:16:26.120,1.54195,1.54235,3.40,1.60
2009.05.28 23:16:27.750,1.54195,1.5424,3.40,6.40
2009.05.28 23:16:33.398,1.542,1.5424,1.00,6.40
2009.05.28 23:16:36.058,1.5421,1.54255,1.00,4.60
2009.05.28 23:16:36.178,1.5421,1.5425,3.40,4.80
2009.05.28 23:16:36.298,1.5421,1.5425,1.00,4.80
2009.05.28 23:16:36.598,1.54205,1.54245,1.00,1.60
2009.05.28 23:16:38.907,1.5421,1.54245,1.00,1.60
2009.05.28 23:16:39.077,1.5421,1.54245,3.40,1.60
2009.05.28 23:16:39.187,1.5421,1.54255,3.40,1.60
2009.05.28 23:16:39.367,1.54215,1.5426,1.00,1.20
2009.05.28 23:16:39.417,1.54215,1.5426,3.40,1.20
2009.05.28 23:16:39.617,1.54215,1.5426,3.40,1.60
2009.05.28 23:16:40.146,1.5422,1.5426,1.00,1.60
2009.05.28 23:16:56.413,1.54225,1.5426,1.00,1.40
2009.05.28 23:16:56.523,1.54225,1.5427,1.00,1.40
2009.05.28 23:17:00.842,1.54225,1.54255,1.00,1.40
2009.05.28 23:17:01.521,1.5422,1.5426,3.20,1.40
2009.05.28 23:17:01.581,1.54215,1.5426,3.40,1.40
2009.05.28 23:17:01.692,1.54215,1.5426,5.00,1.40
2009.05.28 23:17:02.861,1.54215,1.5426,3.40,1.40
2009.05.28 23:17:02.921,1.54215,1.5426,1.00,1.40
2009.05.28 23:17:04.151,1.54215,1.5426,1.00,1.60
2009.05.28 23:17:04.201,1.5421,1.54255,5.00,1.60
2009.05.28 23:17:04.771,1.54215,1.54255,1.00,1.60
2009.05.28 23:17:05.051,1.54215,1.5426,1.00,1.60
2009.05.28 23:17:06.340,1.5421,1.54255,5.00,1.60
2009.05.28 23:17:06.860,1.54215,1.54255,1.00,1.60
2009.05.28 23:17:07.330,1.54215,1.5426,1.00,1.60
2009.05.28 23:17:13.529,1.5422,1.5426,1.60,1.40
2009.05.28 23:17:13.708,1.5422,1.5426,1.80,1.40
2009.05.28 23:17:13.998,1.54225,1.5427,1.80,1.20
2009.05.28 23:17:16.419,1.54225,1.5427,1.00,1.20
2009.05.28 23:17:17.508,1.54225,1.5427,3.40,1.20
2009.05.28 23:17:17.678,1.5423,1.54275,5.60,1.40
2009.05.28 23:17:18.088,1.54245,1.543,1.80,1.40
2009.05.28 23:17:18.248,1.5425,1.543,1.00,1.40
2009.05.28 23:17:18.587,1.54245,1.5429,1.00,1.40
2009.05.28 23:17:18.867,1.5424,1.5429,3.40,1.40
2009.05.28 23:17:19.037,1.5424,1.5429,1.00,1.40
2009.05.28 23:17:19.337,1.5423,1.54275,1.00,1.40
2009.05.28 23:17:21.197,1.5423,1.54275,3.40,1.40
2009.05.28 23:17:21.257,1.5424,1.54285,1.00,1.40
2009.05.28 23:17:21.377,1.5424,1.54285,3.40,1.40
2009.05.28 23:17:23.226,1.5424,1.54285,1.00,1.40
2009.05.28 23:17:23.506,1.54235,1.54275,1.00,1.60
2009.05.28 23:17:36.483,1.5423,1.5427,3.40,1.60
2009.05.28 23:17:36.833,1.5423,1.54275,3.40,1.60
2009.05.28 23:17:37.283,1.5423,1.54275,1.00,1.60
2009.05.28 23:17:37.693,1.54225,1.54265,3.20,1.60
2009.05.28 23:17:38.093,1.54225,1.54265,5.00,1.60
2009.05.28 23:17:38.323,1.54225,1.5427,5.00,1.60
2009.05.28 23:17:38.732,1.5423,1.5427,3.20,1.60
2009.05.28 23:17:40.192,1.5423,1.54275,3.40,1.60
2009.05.28 23:17:44.021,1.5423,1.54275,1.00,1.60
2009.05.28 23:17:50.090,1.5424,1.54275,1.00,1.60
2009.05.28 23:17:50.200,1.5424,1.5428,1.00,1.60
2009.05.28 23:17:52.909,1.54245,1.5429,1.00,4.80
2009.05.28 23:17:52.969,1.5424,1.54275,1.00,1.60
2009.05.28 23:17:53.079,1.5423,1.54275,5.00,1.60
2009.05.28 23:17:53.199,1.5423,1.54275,1.00,1.60
2009.05.28 23:17:53.769,1.54225,1.54275,3.40,1.60
2009.05.28 23:17:53.929,1.5423,1.5428,1.00,1.60
2009.05.28 23:18:15.224,1.5421,1.5425,3.40,1.60
2009.05.28 23:18:16.004,1.5422,1.54255,3.40,1.60
2009.05.28 23:18:16.243,1.5422,1.5427,3.40,1.60
2009.05.28 23:18:17.133,1.54225,1.5427,1.60,1.60
2009.05.28 23:18:17.253,1.54225,1.5427,1.80,1.60
2009.05.28 23:18:17.703,1.54225,1.5427,1.00,1.60
2009.05.28 23:18:18.463,1.54225,1.5427,3.40,1.60
2009.05.28 23:18:18.573,1.5423,1.5427,1.00,1.60
2009.05.28 23:18:18.863,1.5423,1.54265,1.00,1.60
2009.05.28 23:18:19.153,1.5423,1.54275,1.00,1.60
2009.05.28 23:18:19.903,1.5423,1.54275,1.80,1.60
2009.05.28 23:18:27.911,1.5423,1.54275,1.60,1.40
2009.05.28 23:18:30.250,1.54225,1.5427,3.40,1.40
2009.05.28 23:18:30.550,1.54225,1.5427,5.00,1.40
2009.05.28 23:18:47.596,1.5423,1.5427,1.60,1.40
2009.05.28 23:18:47.766,1.5423,1.5427,1.80,1.60
2009.05.28 23:18:54.744,1.5423,1.5427,1.00,1.60
2009.05.28 23:18:54.794,1.54225,1.5427,3.40,1.60
2009.05.28 23:18:55.034,1.54225,1.5427,1.00,1.60
2009.05.28 23:18:55.154,1.5423,1.5427,1.00,1.60
2009.05.28 23:18:55.334,1.54225,1.5427,1.00,1.60
2009.05.28 23:18:57.254,1.5422,1.5426,5.00,1.60
2009.05.28 23:18:57.373,1.5422,1.5426,1.00,1.60
2009.05.28 23:19:03.752,1.5422,1.5426,1.80,1.60
2009.05.28 23:19:03.872,1.5422,1.5426,5.00,1.60
2009.05.28 23:19:15.379,1.54225,1.5427,3.40,1.60
2009.05.28 23:19:15.489,1.54225,1.5427,5.00,1.60
2009.05.28 23:19:15.941,1.5423,1.5427,1.60,1.60
2009.05.28 23:19:16.179,1.5423,1.5427,1.80,1.60
2009.05.28 23:19:35.224,1.54225,1.5427,1.80,1.60
2009.05.28 23:19:35.385,1.54225,1.5427,3.40,1.60
2009.05.28 23:19:36.574,1.5423,1.5427,3.40,1.40
2009.05.28 23:19:36.804,1.5423,1.5427,5.00,1.40
2009.05.28 23:19:41.863,1.5423,1.5427,3.40,1.40
2009.05.28 23:19:42.893,1.54225,1.5427,3.40,1.40
2009.05.28 23:19:43.342,1.5423,1.54275,3.20,1.40
2009.05.28 23:19:43.802,1.5423,1.54275,3.40,1.40
2009.05.28 23:19:44.032,1.5423,1.54275,5.00,1.40
2009.05.28 23:20:18.044,1.5423,1.54275,5.00,1.60
2009.05.28 23:20:36.550,1.5423,1.54275,3.40,1.60
2009.05.28 23:20:39.469,1.5423,1.54275,5.00,1.60
2009.05.28 23:20:40.509,1.54235,1.54275,3.20,1.60
2009.05.28 23:20:40.909,1.54235,1.54275,3.40,1.60
2009.05.28 23:20:41.139,1.54235,1.54275,3.20,1.60
2009.05.28 23:20:45.947,1.5423,1.54275,3.40,1.60
2009.05.28 23:20:46.947,1.5423,1.54275,5.00,1.60
2009.05.28 23:20:48.477,1.5423,1.54275,3.40,1.60
2009.05.28 23:20:48.997,1.5423,1.54275,5.00,1.60
2009.05.28 23:20:52.246,1.5423,1.54275,5.00,1.40
2009.05.28 23:21:04.263,1.5423,1.5428,5.00,1.00
2009.05.28 23:21:31.457,1.5423,1.5428,1.00,1.00
2009.05.28 23:21:32.756,1.5423,1.5428,1.80,1.00
2009.05.28 23:21:32.806,1.5423,1.54275,1.80,1.60
2009.05.28 23:21:33.336,1.5423,1.54275,1.00,1.60
2009.05.28 23:21:33.995,1.5424,1.54285,1.00,1.20
2009.05.28 23:21:37.105,1.54235,1.5428,3.40,1.60
2009.05.28 23:21:37.854,1.54235,1.5427,3.40,1.60
2009.05.28 23:21:48.302,1.54235,1.5428,1.00,1.60
2009.05.28 23:22:09.797,1.54235,1.5428,3.40,1.60
2009.05.28 23:22:10.547,1.54235,1.54285,3.40,1.60
2009.05.28 23:22:27.402,1.5424,1.54285,1.00,1.40
2009.05.28 23:22:31.392,1.54235,1.54285,1.00,1.40
2009.05.28 23:22:31.971,1.54235,1.54285,1.80,1.40
2009.05.28 23:22:32.602,1.54235,1.5428,1.00,4.80
2009.05.28 23:22:32.951,1.54225,1.54265,1.00,1.60
2009.05.28 23:22:33.062,1.54225,1.5426,1.00,1.60
2009.05.28 23:22:33.451,1.5422,1.54245,1.00,1.60
2009.05.28 23:22:33.911,1.54205,1.54245,1.00,1.60
2009.05.28 23:22:34.201,1.54205,1.54235,1.00,1.60
2009.05.28 23:23:02.794,1.54215,1.5425,1.00,1.60
2009.05.28 23:23:06.284,1.5422,1.54265,3.40,1.60
2009.05.28 23:23:06.683,1.54225,1.5427,1.00,1.60
2009.05.28 23:23:06.853,1.54225,1.5427,3.40,1.60
2009.05.28 23:23:09.252,1.54225,1.5427,1.00,1.60
2009.05.28 23:23:09.473,1.5422,1.54265,3.40,1.60
2009.05.28 23:23:11.282,1.54215,1.54255,1.00,1.60
2009.05.28 23:23:21.230,1.5422,1.54265,1.00,1.60
2009.05.28 23:23:21.340,1.54215,1.54255,1.00,1.60
2009.05.28 23:23:36.366,1.5421,1.54245,1.00,1.60
2009.05.28 23:23:36.586,1.5421,1.5424,1.00,1.60
2009.05.28 23:23:36.816,1.54205,1.5424,1.80,1.60
2009.05.28 23:23:37.276,1.54205,1.54245,1.80,1.60
2009.05.28 23:23:37.636,1.54205,1.54245,1.60,1.60
2009.05.28 23:23:37.756,1.542,1.54245,3.40,1.60
2009.05.28 23:23:38.605,1.542,1.5424,3.40,1.60
2009.05.28 23:23:39.175,1.542,1.54245,3.40,1.60
2009.05.28 23:23:39.765,1.54205,1.54245,1.80,1.60
2009.05.28 23:23:40.655,1.54205,1.54245,1.00,1.60
2009.05.28 23:23:40.875,1.542,1.54245,3.40,1.60
2009.05.28 23:23:41.375,1.54205,1.5425,1.00,1.60
2009.05.28 23:23:41.765,1.54205,1.5425,3.40,1.60
2009.05.28 23:23:41.884,1.5421,1.5425,1.00,1.60
2009.05.28 23:23:42.344,1.5421,1.5424,1.00,1.60
2009.05.28 23:23:42.464,1.5421,1.54245,1.00,1.60
2009.05.28 23:23:43.044,1.54205,1.5424,3.20,1.60
2009.05.28 23:23:43.154,1.54205,1.5424,1.80,1.60
2009.05.28 23:23:43.264,1.54205,1.5424,3.40,1.60
2009.05.28 23:23:43.384,1.5421,1.5424,1.00,1.60
2009.05.28 23:23:43.844,1.54215,1.5424,1.00,1.60
2009.05.28 23:23:44.024,1.54215,1.54255,3.40,1.60
2009.05.28 23:23:44.194,1.54215,1.5426,3.40,1.60
2009.05.28 23:23:44.644,1.54215,1.54255,3.40,1.60
2009.05.28 23:23:44.814,1.5421,1.54255,3.40,1.60
2009.05.28 23:23:45.104,1.54215,1.54255,1.00,1.60
2009.05.28 23:23:46.173,1.54205,1.54245,6.60,1.60
2009.05.28 23:23:46.403,1.54205,1.54245,1.80,1.60
2009.05.28 23:23:47.213,1.54205,1.54245,1.00,1.60
2009.05.28 23:23:47.273,1.542,1.54245,3.40,1.60
2009.05.28 23:23:47.953,1.54205,1.5425,1.00,1.60
2009.05.28 23:23:48.123,1.54205,1.5425,3.40,1.60
2009.05.28 23:23:48.333,1.5421,1.5425,1.00,1.60
2009.05.28 23:23:48.863,1.5421,1.5424,1.00,1.60
2009.05.28 23:23:49.663,1.542,1.54235,3.40,1.60
2009.05.28 23:23:50.003,1.542,1.54245,3.40,1.60
2009.05.28 23:23:50.422,1.542,1.54245,5.00,1.60
2009.05.28 23:24:10.258,1.5421,1.5425,1.80,1.60
2009.05.28 23:24:10.368,1.54225,1.54265,1.00,1.60
2009.05.28 23:24:10.598,1.54225,1.54265,1.80,1.60
2009.05.28 23:24:12.527,1.54215,1.5426,9.80,1.60
2009.05.28 23:24:12.687,1.54215,1.5425,1.80,1.60
2009.05.28 23:24:12.867,1.54215,1.5425,1.00,1.60
2009.05.28 23:24:13.157,1.5421,1.5425,1.00,1.60
2009.05.28 23:24:15.057,1.54215,1.5426,3.40,1.60
2009.05.28 23:24:15.297,1.54225,1.54265,1.00,1.60
2009.05.28 23:24:15.407,1.54225,1.54265,1.80,1.60
2009.05.28 23:24:27.164,1.54205,1.54245,1.00,1.40
2009.05.28 23:24:47.899,1.5421,1.5425,1.00,1.60
2009.05.28 23:24:53.468,1.54205,1.54245,1.00,1.60
2009.05.28 23:25:04.135,1.542,1.54245,5.00,1.60
2009.05.28 23:25:07.924,1.54205,1.54245,1.00,1.60
2009.05.28 23:25:08.084,1.54205,1.54235,1.00,1.60
2009.05.28 23:25:45.055,1.54195,1.54235,1.00,1.60
2009.05.28 23:25:45.435,1.54195,1.54225,1.00,1.60
2009.05.28 23:25:45.555,1.54195,1.5423,1.00,1.60
2009.05.28 23:25:45.965,1.5418,1.54225,3.40,1.60
2009.05.28 23:25:46.245,1.5419,1.54235,1.00,1.60
2009.05.28 23:25:47.184,1.5419,1.54225,1.00,1.60
2009.05.28 23:25:47.584,1.5419,1.5423,1.00,1.60
2009.05.28 23:25:49.994,1.54185,1.5423,1.00,1.60
2009.05.28 23:26:00.172,1.5422,1.5427,1.00,1.60
2009.05.28 23:26:00.351,1.5421,1.5427,1.00,1.60
2009.05.28 23:26:05.150,1.5422,1.5426,3.20,1.60
2009.05.28 23:26:05.270,1.5422,1.5426,3.40,1.60
2009.05.28 23:26:05.330,1.54225,1.5426,1.00,1.60
2009.05.28 23:26:05.920,1.54225,1.54255,1.00,1.60
2009.05.28 23:26:06.620,1.54225,1.54255,1.80,1.60
2009.05.28 23:26:06.740,1.54235,1.5429,1.00,1.60
2009.05.28 23:26:07.420,1.54225,1.5428,1.00,1.60
2009.05.28 23:26:07.540,1.54215,1.54275,1.80,1.60
2009.05.28 23:26:08.119,1.54215,1.54265,1.00,1.60
2009.05.28 23:26:11.179,1.5419,1.5425,5.00,1.40
2009.05.28 23:26:11.359,1.54195,1.54255,1.00,1.40
2009.05.28 23:26:11.988,1.542,1.5426,1.00,1.40
2009.05.28 23:26:14.098,1.5421,1.54255,1.00,1.40
2009.05.28 23:26:23.476,1.54205,1.54245,3.40,1.40
2009.05.28 23:26:23.596,1.54205,1.54245,3.20,1.40
2009.05.28 23:26:23.946,1.54205,1.5424,3.20,1.40
2009.05.28 23:26:24.825,1.542,1.54245,3.40,1.40
2009.05.28 23:26:25.055,1.542,1.54245,1.00,1.40
2009.05.28 23:26:30.754,1.5419,1.54235,1.80,1.60
2009.05.28 23:26:31.114,1.5419,1.54235,1.00,1.60
2009.05.28 23:26:40.392,1.5418,1.5423,1.00,1.40
2009.05.28 23:27:00.537,1.54195,1.5424,1.00,1.40
2009.05.28 23:27:01.057,1.54195,1.54245,1.00,1.60
2009.05.28 23:27:06.785,1.5419,1.54235,1.00,1.60
2009.05.28 23:27:07.425,1.542,1.54245,1.00,1.60
2009.05.28 23:27:10.034,1.54205,1.5425,1.00,1.60
2009.05.28 23:27:13.584,1.5422,1.54265,1.00,1.40
2009.05.28 23:27:13.703,1.5422,1.5427,1.00,1.60
2009.05.28 23:27:18.333,1.54205,1.5425,1.80,1.60
2009.05.28 23:27:18.722,1.54205,1.5425,1.00,1.60
2009.05.28 23:27:19.393,1.542,1.54245,1.00,1.60
2009.05.28 23:27:20.202,1.54205,1.54245,1.60,1.60
2009.05.28 23:27:20.372,1.54215,1.5426,1.00,1.60
2009.05.28 23:27:20.842,1.54205,1.54245,1.00,1.60
2009.05.28 23:27:20.902,1.542,1.54245,1.00,1.60
2009.05.28 23:27:20.962,1.54205,1.5425,1.00,1.60
2009.05.28 23:27:22.861,1.5421,1.54255,1.00,1.60
2009.05.28 23:27:24.181,1.54215,1.5426,1.00,1.60
2009.05.28 23:27:24.461,1.54225,1.5427,1.00,1.60
2009.05.28 23:27:27.840,1.5423,1.54275,1.00,1.60
2009.05.28 23:27:27.951,1.54245,1.543,1.00,1.60
2009.05.28 23:27:28.410,1.5426,1.5431,1.00,4.80
2009.05.28 23:27:28.530,1.5425,1.54295,1.60,1.40
2009.05.28 23:27:28.790,1.54245,1.54295,1.00,1.40
2009.05.28 23:27:30.430,1.54245,1.54285,1.00,1.40
2009.05.28 23:27:30.600,1.5424,1.54285,1.00,1.40
2009.05.28 23:27:31.010,1.5423,1.54275,1.80,1.40
2009.05.28 23:27:31.119,1.5423,1.54275,1.00,1.40
2009.05.28 23:27:34.939,1.542,1.54265,8.20,1.40
2009.05.28 23:27:35.099,1.542,1.54265,3.40,1.40
2009.05.28 23:27:35.518,1.542,1.54265,1.00,1.40
2009.05.28 23:27:36.508,1.54215,1.5426,1.00,1.40
2009.05.28 23:27:42.257,1.54225,1.5427,1.00,1.60
2009.05.28 23:27:47.135,1.5423,1.5428,1.00,1.60
2009.05.28 23:27:51.314,1.5426,1.5431,1.00,1.60
2009.05.28 23:28:08.740,1.54255,1.54305,1.00,1.60
2009.05.28 23:28:19.168,1.5425,1.54295,1.00,1.60
2009.05.28 23:28:23.897,1.54255,1.543,1.00,1.40
2009.05.28 23:28:34.254,1.5424,1.54285,1.00,1.60
2009.05.28 23:28:41.592,1.5423,1.5427,1.80,1.60
2009.05.28 23:28:41.652,1.5423,1.5427,1.00,1.60
2009.05.28 23:28:41.703,1.54225,1.5427,1.00,1.60
2009.05.28 23:28:45.192,1.5423,1.54275,1.00,1.20
2009.05.28 23:28:45.252,1.5423,1.5428,1.00,1.60
2009.05.28 23:28:48.881,1.54225,1.5427,1.00,1.60
2009.05.28 23:28:49.181,1.5423,1.5428,1.00,1.60
2009.05.28 23:28:50.940,1.54225,1.5427,1.00,1.60
2009.05.28 23:29:00.748,1.54225,1.54265,1.00,1.60
2009.05.28 23:29:01.618,1.54235,1.5428,1.00,1.60
2009.05.28 23:29:05.087,1.54225,1.5427,1.00,1.60
2009.05.28 23:29:12.545,1.54225,1.5427,1.00,1.60
2009.05.28 23:30:01.973,1.5423,1.5427,3.20,1.60
2009.05.28 23:30:02.363,1.5423,1.54265,3.20,1.60
2009.05.28 23:30:02.763,1.54235,1.54265,3.20,1.60
2009.05.28 23:30:02.933,1.54235,1.5428,3.40,1.60
2009.05.28 23:30:10.521,1.54235,1.5428,1.00,1.60
2009.05.28 23:30:12.071,1.54235,1.5428,3.40,1.40
2009.05.28 23:30:12.251,1.54235,1.5428,3.20,1.40
2009.05.28 23:30:12.631,1.5422,1.54265,3.20,1.40
2009.05.28 23:30:13.150,1.5422,1.5427,3.40,1.60
2009.05.28 23:30:27.457,1.54215,1.5426,1.00,1.40
2009.05.28 23:30:27.637,1.54205,1.5425,1.00,1.40
2009.05.28 23:30:28.157,1.542,1.54245,1.00,1.40
2009.05.28 23:30:57.880,1.5421,1.54255,1.00,1.60
2009.05.28 23:31:03.068,1.542,1.54245,1.00,1.60
2009.05.28 23:31:03.888,1.54205,1.5425,1.00,1.60
2009.05.28 23:31:05.848,1.5419,1.5424,3.40,1.60
2009.05.28 23:31:05.968,1.5419,1.5424,1.00,1.60
2009.05.28 23:31:11.126,1.5418,1.5423,1.00,1.60
2009.05.28 23:31:12.126,1.54195,1.5424,4.80,1.40
2009.05.28 23:31:12.416,1.54195,1.54245,4.80,6.40
2009.05.28 23:31:27.282,1.542,1.54245,1.00,6.40
2009.05.28 23:31:27.622,1.542,1.54245,1.00,9.60
2009.05.28 23:31:27.922,1.54175,1.5423,1.00,1.60
2009.05.28 23:31:28.312,1.5418,1.54235,1.00,1.60
2009.05.28 23:31:29.542,1.5418,1.5423,1.00,1.60
2009.05.28 23:31:29.712,1.54175,1.5422,9.80,1.60
2009.05.28 23:31:30.062,1.5418,1.54225,4.80,1.60
2009.05.28 23:31:30.402,1.54185,1.5423,1.00,6.40
2009.05.28 23:31:37.160,1.5419,1.5423,4.60,6.40
2009.05.28 23:31:37.950,1.5419,1.5422,4.60,1.60
2009.05.28 23:31:40.400,1.5418,1.54225,6.60,1.60
2009.05.28 23:31:40.579,1.5418,1.54225,1.00,1.60
2009.05.28 23:31:43.519,1.5417,1.54215,3.40,1.60
2009.05.28 23:31:44.138,1.54175,1.5422,1.00,1.60
2009.05.28 23:31:45.068,1.5417,1.5422,3.40,1.60
2009.05.28 23:31:45.698,1.5417,1.5422,6.60,1.60
2009.05.28 23:31:45.818,1.5418,1.5423,1.00,1.60
2009.05.28 23:31:47.058,1.5418,1.5423,3.40,1.60
2009.05.28 23:31:48.138,1.5418,1.5423,6.60,1.60
2009.05.28 23:31:48.417,1.54185,1.5423,1.00,1.20
2009.05.28 23:31:49.047,1.54185,1.5423,3.40,1.20
2009.05.28 23:31:49.227,1.5419,1.54235,4.80,6.40
2009.05.28 23:31:49.287,1.5419,1.54235,4.80,1.60
2009.05.28 23:31:49.517,1.54195,1.5424,1.00,1.60
2009.05.28 23:31:56.635,1.54195,1.54245,1.00,6.40
2009.05.28 23:31:57.155,1.542,1.54245,4.60,6.40
2009.05.28 23:31:57.445,1.542,1.54245,4.80,4.80
2009.05.28 23:32:01.474,1.54215,1.5426,1.00,7.20
2009.05.28 23:32:01.654,1.542,1.54245,1.00,4.80
2009.05.28 23:32:02.114,1.5419,1.54245,4.80,4.80
2009.05.28 23:32:02.704,1.54215,1.5426,1.00,13.40
2009.05.28 23:32:02.984,1.54225,1.54265,1.00,6.20
2009.05.28 23:32:03.154,1.54225,1.5428,1.00,6.40
2009.05.28 23:32:03.374,1.54225,1.5428,1.00,1.60
2009.05.28 23:32:03.594,1.54235,1.54285,1.00,1.60
2009.05.28 23:32:03.714,1.54245,1.5429,1.00,2.40
2009.05.28 23:32:03.884,1.5425,1.5429,1.00,1.60
2009.05.28 23:32:04.103,1.5425,1.54295,1.00,2.40
2009.05.28 23:32:05.593,1.5425,1.54295,1.00,1.60
2009.05.28 23:32:08.113,1.5425,1.54295,1.00,2.20
2009.05.28 23:32:09.922,1.5425,1.5428,1.00,4.80
2009.05.28 23:32:09.972,1.54215,1.5427,1.80,1.60
2009.05.28 23:32:10.032,1.54215,1.5427,1.00,1.60
2009.05.28 23:32:20.230,1.5422,1.54265,1.00,1.60
2009.05.28 23:32:20.680,1.54235,1.54275,1.00,1.20
2009.05.28 23:32:23.739,1.5424,1.54275,1.00,5.60
2009.05.28 23:32:23.859,1.5423,1.54275,1.00,6.40
2009.05.28 23:32:23.919,1.5423,1.54265,1.00,1.40
2009.05.28 23:32:42.294,1.54205,1.5426,1.00,1.60
2009.05.28 23:32:42.635,1.54205,1.5425,1.00,4.80
2009.05.28 23:32:42.754,1.542,1.5425,1.00,6.40
2009.05.28 23:32:43.094,1.542,1.54245,1.00,6.20
2009.05.28 23:32:43.394,1.5419,1.5424,1.00,5.60
2009.05.28 23:32:43.564,1.54195,1.54235,1.00,1.40
2009.05.28 23:32:48.753,1.5418,1.5421,1.00,1.40
2009.05.28 23:32:48.873,1.5418,1.54215,1.00,4.80
2009.05.28 23:32:49.153,1.5418,1.5422,1.00,6.20
2009.05.28 23:32:54.092,1.5417,1.54225,1.00,1.40
2009.05.28 23:32:54.611,1.5419,1.5422,1.00,1.40
2009.05.28 23:32:54.851,1.5418,1.5422,1.00,1.40
2009.05.28 23:32:55.251,1.5419,1.5422,1.00,1.40
2009.05.28 23:32:55.791,1.5418,1.5422,1.00,1.40
2009.05.28 23:32:56.181,1.5419,1.5422,1.00,1.40
2009.05.28 23:32:56.352,1.5418,1.5422,1.00,1.40
2009.05.28 23:32:56.751,1.5419,1.5422,1.00,1.40
2009.05.28 23:32:58.400,1.5418,1.5422,1.00,1.40
2009.05.28 23:32:58.860,1.5418,1.54225,1.00,6.40
2009.05.28 23:32:59.140,1.5418,1.54225,1.00,9.60
2009.05.28 23:32:59.430,1.5419,1.54225,1.00,6.20
2009.05.28 23:32:59.490,1.5418,1.54225,1.00,6.20
2009.05.28 23:32:59.670,1.5418,1.54225,1.00,9.40
2009.05.28 23:33:00.670,1.5419,1.54225,1.00,1.40
2009.05.28 23:33:00.950,1.5419,1.54235,1.00,9.60
2009.05.28 23:33:01.180,1.5419,1.5423,1.00,4.60
2009.05.28 23:33:01.420,1.5419,1.54235,1.00,9.60
2009.05.28 23:33:05.299,1.5419,1.54225,1.00,1.20
2009.05.28 23:33:05.689,1.5419,1.54225,1.00,13.60
2009.05.28 23:33:05.809,1.5418,1.54225,1.00,5.60
2009.05.28 23:33:07.138,1.5418,1.54225,1.00,8.80
2009.05.28 23:33:07.308,1.5418,1.5422,1.00,14.20
2009.05.28 23:33:07.428,1.5417,1.5422,1.00,14.20
2009.05.28 23:33:07.608,1.5417,1.5421,1.00,3.20
2009.05.28 23:33:11.187,1.54135,1.54175,4.60,1.60
2009.05.28 23:33:15.057,1.5415,1.54185,4.60,1.40
2009.05.28 23:33:15.646,1.5415,1.5419,4.60,1.00
2009.05.28 23:33:19.985,1.5416,1.54205,4.80,1.00
2009.05.28 23:33:22.635,1.5416,1.5421,4.80,1.00
2009.05.28 23:33:22.755,1.5416,1.5422,4.80,1.40
2009.05.28 23:33:22.875,1.5416,1.5422,4.80,1.20
2009.05.28 23:33:23.175,1.54165,1.5422,1.00,1.20
2009.05.28 23:33:25.574,1.54165,1.5421,1.00,1.40
2009.05.28 23:33:34.222,1.5422,1.54255,1.60,1.60
2009.05.28 23:33:34.462,1.54225,1.54255,1.00,1.60
2009.05.28 23:33:34.522,1.54225,1.5426,1.00,1.60
2009.05.28 23:33:36.431,1.54215,1.5426,4.80,1.60
2009.05.28 23:33:36.551,1.5421,1.5426,1.80,1.60
2009.05.28 23:33:36.671,1.5421,1.54255,1.00,1.60
2009.05.28 23:33:36.891,1.54205,1.5424,1.80,1.60
2009.05.28 23:33:37.131,1.54205,1.5425,1.80,1.60
2009.05.28 23:33:37.532,1.54215,1.54265,6.40,1.60
2009.05.28 23:33:37.771,1.54225,1.54265,1.60,1.60
2009.05.28 23:33:38.181,1.54225,1.5426,1.80,1.60
2009.05.28 23:33:46.379,1.5422,1.5426,1.80,1.40
2009.05.28 23:33:46.780,1.5423,1.5427,1.80,1.40
2009.05.28 23:33:47.469,1.5424,1.54275,1.80,1.40
2009.05.28 23:33:48.908,1.54245,1.54285,1.00,1.40
2009.05.28 23:33:49.028,1.54245,1.54285,1.80,1.40
2009.05.28 23:33:50.608,1.54245,1.54285,1.60,1.40
2009.05.28 23:33:50.788,1.5424,1.54285,1.00,1.40
2009.05.28 23:33:51.648,1.5423,1.54275,1.00,1.40
2009.05.28 23:33:53.247,1.54225,1.5427,1.00,1.40
2009.05.28 23:34:00.506,1.54205,1.5425,4.80,1.40
2009.05.28 23:34:09.194,1.54225,1.5427,1.00,6.20
2009.05.28 23:34:09.314,1.5421,1.5426,1.80,1.60
2009.05.28 23:34:09.534,1.5421,1.5426,1.00,1.60
2009.05.28 23:34:09.713,1.54215,1.54265,4.80,1.60
2009.05.28 23:34:30.038,1.54225,1.54275,1.00,1.40
2009.05.28 23:34:31.228,1.5422,1.54265,1.00,1.40
2009.05.28 23:34:48.854,1.54195,1.54235,1.00,4.80
2009.05.28 23:34:49.134,1.5417,1.54225,1.00,1.60
2009.05.28 23:34:57.202,1.5418,1.5422,4.60,1.60
2009.05.28 23:35:25.405,1.5419,1.5422,4.60,1.60
2009.05.28 23:35:25.695,1.5419,1.54235,4.80,1.20
2009.05.28 23:35:32.783,1.54205,1.54245,1.00,1.40
2009.05.28 23:35:33.173,1.542,1.5425,4.80,1.60
2009.05.28 23:35:49.069,1.542,1.5424,4.60,1.40
2009.05.28 23:35:50.159,1.542,1.54245,4.80,1.40
2009.05.28 23:35:53.058,1.542,1.5424,4.60,1.40
2009.05.28 23:35:53.758,1.54215,1.5425,4.60,1.40
2009.05.28 23:35:58.417,1.54215,1.54255,4.60,1.60
2009.05.28 23:35:58.537,1.5423,1.54255,4.60,1.60
2009.05.28 23:35:58.707,1.5423,1.54265,4.60,1.60
2009.05.28 23:35:59.637,1.54235,1.54265,4.60,1.20
2009.05.28 23:35:59.807,1.54235,1.5426,4.60,1.60
2009.05.28 23:36:00.517,1.5421,1.5426,1.00,1.60
2009.05.28 23:36:00.687,1.54195,1.54245,4.60,1.60
2009.05.28 23:36:06.385,1.5419,1.54235,3.40,1.60
2009.05.28 23:36:11.714,1.54195,1.5424,1.00,1.20
2009.05.28 23:36:14.353,1.5419,1.54235,3.40,1.60
2009.05.28 23:36:18.492,1.54195,1.54235,4.60,1.60
2009.05.28 23:36:18.662,1.54195,1.5424,8.00,1.20
2009.05.28 23:36:20.962,1.542,1.54235,3.20,1.60
2009.05.28 23:36:21.702,1.5419,1.54235,3.40,1.60
2009.05.28 23:36:22.581,1.5419,1.5424,3.40,1.60
2009.05.28 23:36:24.151,1.5419,1.5424,8.20,1.60
2009.05.28 23:36:24.491,1.5419,1.5424,6.60,1.60
2009.05.28 23:36:27.060,1.54195,1.5424,1.80,1.60
2009.05.28 23:36:27.230,1.54195,1.5424,5.00,1.60
2009.05.28 23:36:27.650,1.54195,1.5424,3.20,1.60
2009.05.28 23:36:27.820,1.54205,1.5424,3.20,1.60
2009.05.28 23:36:28.150,1.5421,1.5425,1.00,1.60
2009.05.28 23:36:28.780,1.54205,1.5425,3.20,1.60
2009.05.28 23:36:32.919,1.5421,1.54255,1.00,1.20
2009.05.28 23:36:46.226,1.54205,1.5425,3.20,1.40
2009.05.28 23:36:46.795,1.5421,1.5425,3.20,1.40
2009.05.28 23:36:48.635,1.5421,1.54255,3.40,1.20
2009.05.28 23:36:51.864,1.5421,1.5425,3.20,1.60
2009.05.28 23:36:51.974,1.54205,1.5425,3.20,1.60
2009.05.28 23:36:52.144,1.542,1.5425,8.20,1.60
2009.05.28 23:36:52.444,1.542,1.5425,6.60,1.60
2009.05.28 23:36:54.334,1.542,1.5425,8.20,1.60
2009.05.28 23:36:54.744,1.542,1.5425,6.60,1.60
2009.05.28 23:36:58.973,1.542,1.5424,4.60,1.60
2009.05.28 23:37:02.302,1.542,1.5424,7.80,1.60
2009.05.28 23:37:02.412,1.5422,1.5424,4.60,1.60
2009.05.28 23:37:02.592,1.542,1.54255,3.20,1.60
2009.05.28 23:37:02.882,1.5419,1.5425,4.80,1.60
2009.05.28 23:37:04.391,1.542,1.54245,4.80,1.60
2009.05.28 23:37:05.251,1.542,1.54245,4.60,1.60
2009.05.28 23:37:05.431,1.54195,1.54245,8.00,1.60
2009.05.28 23:37:05.551,1.54195,1.54245,4.80,1.60
2009.05.28 23:37:05.851,1.542,1.54245,4.60,1.60
2009.05.28 23:37:05.971,1.542,1.54245,3.20,1.60
2009.05.28 23:37:06.081,1.54195,1.54235,4.60,1.60
2009.05.28 23:37:06.201,1.54195,1.54235,3.20,1.60
2009.05.28 23:37:06.441,1.54185,1.5422,4.80,1.60
2009.05.28 23:37:06.611,1.54185,1.5422,4.60,1.60
2009.05.28 23:37:07.850,1.5417,1.54205,4.60,1.60
2009.05.28 23:37:09.020,1.54155,1.54195,4.60,1.60
2009.05.28 23:37:09.201,1.5416,1.54195,4.60,1.60
2009.05.28 23:37:09.370,1.5416,1.54205,4.60,1.60
2009.05.28 23:37:09.550,1.5417,1.54215,4.80,1.60
2009.05.28 23:37:10.000,1.5418,1.54225,4.80,1.60
2009.05.28 23:37:10.560,1.54185,1.54225,4.60,1.60
2009.05.28 23:37:10.790,1.54185,1.54225,1.00,1.60
2009.05.28 23:37:10.850,1.54185,1.54225,4.80,1.60
2009.05.28 23:37:11.489,1.54195,1.54225,4.60,1.60
2009.05.28 23:37:11.790,1.54185,1.54225,4.80,1.60
2009.05.28 23:37:12.120,1.54185,1.54225,4.60,1.60
2009.05.28 23:37:12.869,1.54175,1.5421,4.60,6.40
2009.05.28 23:37:13.219,1.5418,1.5421,4.60,1.60
2009.05.28 23:37:13.599,1.5418,1.5422,4.60,1.60
2009.05.28 23:37:15.219,1.5418,1.54205,4.60,1.60
2009.05.28 23:37:15.328,1.54175,1.54205,4.60,6.40
2009.05.28 23:37:16.728,1.5419,1.5421,4.60,1.20
2009.05.28 23:37:16.908,1.5419,1.5422,4.60,4.80
2009.05.28 23:37:22.967,1.542,1.5423,4.60,1.20
2009.05.28 23:37:23.247,1.54195,1.5423,4.60,1.20
2009.05.28 23:37:27.186,1.542,1.5423,4.60,1.20
2009.05.28 23:37:27.416,1.542,1.54235,4.60,4.80
2009.05.28 23:37:27.526,1.54205,1.54235,4.60,4.80
2009.05.28 23:37:27.746,1.54205,1.54245,4.60,5.60
2009.05.28 23:37:28.076,1.54205,1.54245,4.60,1.20
2009.05.28 23:37:29.685,1.5421,1.54255,4.60,1.60
2009.05.28 23:37:29.965,1.54225,1.5426,4.80,4.80
2009.05.28 23:37:30.145,1.54225,1.54265,4.80,6.20
2009.05.28 23:37:30.365,1.5421,1.54245,3.20,1.20
2009.05.28 23:37:30.715,1.54205,1.54245,1.80,1.20
2009.05.28 23:37:30.895,1.5421,1.54245,4.60,1.20
2009.05.28 23:37:31.245,1.54215,1.5426,1.00,6.20
2009.05.28 23:37:31.465,1.54225,1.5425,4.60,6.20
2009.05.28 23:37:31.755,1.54225,1.54275,4.80,1.60
2009.05.28 23:37:32.504,1.54225,1.54265,4.60,1.20
2009.05.28 23:37:33.694,1.54215,1.54255,4.80,4.80
2009.05.28 23:37:33.864,1.54215,1.5425,4.60,1.20
2009.05.28 23:37:35.904,1.54225,1.5426,4.60,1.40
2009.05.28 23:37:36.074,1.54225,1.5426,4.60,1.20
2009.05.28 23:37:37.114,1.54225,1.54245,4.60,1.60
2009.05.28 23:37:39.253,1.54215,1.5423,4.60,1.60
2009.05.28 23:37:45.051,1.54225,1.54235,4.60,1.60
2009.05.28 23:37:45.272,1.54225,1.54245,4.60,1.60
2009.05.28 23:37:45.731,1.54215,1.54245,4.60,1.60
2009.05.28 23:37:45.901,1.54215,1.5423,4.60,1.60
2009.05.28 23:37:50.020,1.54225,1.54235,4.60,1.60
2009.05.28 23:37:50.530,1.54225,1.54245,4.60,1.60
2009.05.28 23:37:51.850,1.54215,1.5423,4.60,1.60
2009.05.28 23:37:56.019,1.54225,1.5427,4.60,4.00
2009.05.28 23:37:56.079,1.54225,1.54235,4.60,1.60
2009.05.28 23:37:56.189,1.54225,1.54245,4.60,1.60
2009.05.28 23:38:00.328,1.54225,1.54235,4.60,1.60
2009.05.28 23:38:02.708,1.54215,1.54225,4.60,1.60
2009.05.28 23:38:06.526,1.54215,1.5426,4.80,1.20
2009.05.28 23:38:06.696,1.54205,1.5424,4.80,1.60
2009.05.28 23:38:06.756,1.5421,1.5424,3.20,1.60
2009.05.28 23:38:07.226,1.54215,1.5425,1.00,1.60
2009.05.28 23:38:17.683,1.5422,1.5424,4.60,1.60
2009.05.28 23:38:17.734,1.5422,1.54265,6.20,1.60
2009.05.28 23:38:18.084,1.54235,1.5428,1.00,1.40
2009.05.28 23:38:18.373,1.54245,1.543,1.80,1.60
2009.05.28 23:38:18.684,1.54255,1.5431,1.80,1.60
2009.05.28 23:38:19.383,1.5426,1.5431,1.00,1.60
2009.05.28 23:38:19.503,1.54265,1.54305,1.60,1.60
2009.05.28 23:38:19.683,1.54265,1.54305,1.80,1.60
2009.05.28 23:38:19.973,1.54265,1.5431,1.80,1.60
2009.05.28 23:38:21.573,1.54265,1.5431,1.80,3.20
2009.05.28 23:38:21.843,1.54265,1.54295,1.80,1.40
2009.05.28 23:38:21.903,1.54265,1.54295,1.00,1.40
2009.05.28 23:38:22.022,1.54225,1.5428,1.00,1.40
2009.05.28 23:38:22.192,1.5423,1.5428,4.60,1.40
2009.05.28 23:38:22.413,1.5423,1.5427,4.60,1.60
2009.05.28 23:38:22.882,1.54215,1.5426,6.40,1.60
2009.05.28 23:38:23.122,1.5423,1.54275,1.00,1.60
2009.05.28 23:38:23.562,1.5423,1.54275,1.80,1.60
2009.05.28 23:38:23.622,1.54235,1.54275,1.00,1.60
2009.05.28 23:38:23.672,1.54225,1.54275,6.40,1.60
2009.05.28 23:38:23.792,1.5423,1.54275,1.60,1.60
2009.05.28 23:38:23.852,1.54235,1.54275,1.00,1.60
2009.05.28 23:38:26.172,1.5423,1.5426,4.60,1.60
2009.05.28 23:38:26.491,1.5423,1.54255,4.60,1.60
2009.05.28 23:38:32.220,1.5422,1.5425,1.00,1.60
2009.05.28 23:38:32.330,1.54215,1.5425,1.00,1.40
2009.05.28 23:38:32.440,1.5421,1.5425,3.40,1.40
2009.05.28 23:38:32.710,1.54205,1.5425,1.00,1.40
2009.05.28 23:38:52.585,1.54225,1.5427,4.80,1.40
2009.05.28 23:39:27.516,1.54225,1.5427,4.80,1.60
2009.05.28 23:39:56.519,1.54225,1.5427,1.00,1.60
2009.05.28 23:40:12.166,1.54215,1.54255,3.20,1.60
2009.05.28 23:40:14.125,1.54215,1.5424,3.20,1.60
2009.05.28 23:40:14.245,1.5421,1.5424,6.40,1.60
2009.05.28 23:40:14.305,1.5421,1.5425,6.40,1.60
2009.05.28 23:40:14.705,1.5421,1.5424,6.40,1.60
2009.05.28 23:40:22.103,1.5421,1.5424,3.20,1.60
2009.05.28 23:40:22.323,1.5421,1.5424,3.40,1.60
2009.05.28 23:40:24.143,1.5421,1.5424,3.20,1.60
2009.05.28 23:40:25.753,1.5421,1.5425,3.20,1.60
2009.05.28 23:40:27.272,1.5421,1.5424,3.20,1.60
2009.05.28 23:40:28.672,1.54215,1.5424,1.00,1.60
2009.05.28 23:40:29.142,1.54215,1.54255,1.00,1.60
2009.05.28 23:40:30.521,1.5421,1.5424,3.20,1.60
2009.05.28 23:40:31.271,1.5421,1.54255,3.40,1.60
2009.05.28 23:40:31.451,1.5421,1.5424,3.20,1.60
2009.05.28 23:40:34.610,1.54205,1.5424,3.40,1.60
2009.05.28 23:40:34.730,1.54215,1.5425,1.00,6.20
2009.05.28 23:40:35.060,1.54215,1.54255,1.00,6.20
2009.05.28 23:40:35.171,1.54225,1.54255,1.00,6.20
2009.05.28 23:40:38.999,1.54215,1.54255,1.00,6.20
2009.05.28 23:40:47.937,1.54215,1.5426,1.00,1.60
2009.05.28 23:40:52.696,1.54215,1.5425,1.00,1.60
2009.05.28 23:40:58.255,1.5421,1.5425,8.00,1.40
2009.05.28 23:40:58.485,1.5421,1.5425,6.40,1.40
2009.05.28 23:40:58.945,1.5421,1.5425,3.20,1.40
2009.05.28 23:40:59.124,1.54205,1.5425,1.80,1.40
2009.05.28 23:40:59.534,1.54205,1.5425,1.00,1.40
2009.05.28 23:41:09.382,1.542,1.5424,1.80,1.60
2009.05.28 23:41:09.662,1.542,1.5424,1.00,1.60
2009.05.28 23:41:17.470,1.54205,1.5425,1.00,1.40
2009.05.28 23:41:18.110,1.542,1.5424,1.00,1.40
2009.05.28 23:41:19.110,1.5421,1.5424,1.00,1.40
2009.05.28 23:41:19.350,1.542,1.5424,6.60,1.40
2009.05.28 23:41:19.639,1.542,1.5424,8.20,1.40
2009.05.28 23:41:19.909,1.54205,1.5424,1.00,1.40
2009.05.28 23:41:20.299,1.54205,1.5424,3.40,1.40
2009.05.28 23:41:21.159,1.54205,1.5425,3.40,1.40
2009.05.28 23:41:21.389,1.54205,1.5424,3.20,1.40
2009.05.28 23:41:21.609,1.54205,1.54245,3.20,1.40
2009.05.28 23:41:32.616,1.54205,1.54245,3.20,1.60
2009.05.28 23:41:40.564,1.542,1.54245,6.60,1.60
2009.05.28 23:41:57.291,1.542,1.5424,6.60,1.60
2009.05.28 23:41:57.710,1.542,1.5424,8.20,1.60
2009.05.28 23:42:06.278,1.54215,1.54255,5.00,1.60
2009.05.28 23:42:06.638,1.5422,1.54265,1.80,1.60
2009.05.28 23:42:07.028,1.5424,1.54305,1.00,1.60
2009.05.28 23:42:07.268,1.5424,1.54305,1.00,6.20
2009.05.28 23:42:07.498,1.5424,1.54305,1.00,9.40
2009.05.28 23:42:07.768,1.54225,1.5429,1.00,1.20
2009.05.28 23:42:07.948,1.54225,1.54285,1.00,1.40
2009.05.28 23:42:09.098,1.542,1.5425,4.60,1.60
2009.05.28 23:42:10.207,1.5422,1.5424,4.60,1.60
2009.05.28 23:42:10.437,1.5422,1.5425,4.60,1.60
2009.05.28 23:42:10.787,1.5421,1.54255,1.00,1.60
2009.05.28 23:42:10.907,1.5421,1.54255,1.80,1.60
2009.05.28 23:42:11.587,1.54225,1.54255,4.60,1.60
2009.05.28 23:42:11.697,1.54225,1.54265,4.60,1.60
2009.05.28 23:42:12.277,1.54225,1.5427,4.60,1.60
2009.05.28 23:42:12.507,1.5421,1.54255,1.60,1.60
2009.05.28 23:42:12.687,1.54215,1.54255,3.40,1.60
2009.05.28 23:42:12.927,1.5423,1.5427,4.60,1.60
2009.05.28 23:42:14.316,1.5422,1.5426,1.00,1.60
2009.05.28 23:42:14.436,1.54225,1.5426,4.60,1.60
2009.05.28 23:42:15.186,1.54235,1.5426,4.60,1.60
2009.05.28 23:42:15.246,1.54235,1.5427,4.60,1.60
2009.05.28 23:42:16.046,1.5422,1.5426,1.00,1.60
2009.05.28 23:42:16.156,1.54215,1.5426,4.60,1.60
2009.05.28 23:42:16.326,1.54215,1.5426,3.40,1.60
2009.05.28 23:42:16.556,1.5422,1.5426,1.80,1.60
2009.05.28 23:42:16.736,1.54235,1.5427,4.60,1.60
2009.05.28 23:42:17.896,1.5421,1.5426,1.00,1.60
2009.05.28 23:42:20.905,1.5421,1.54255,1.80,1.60
2009.05.28 23:42:21.065,1.5421,1.54245,1.60,1.60
2009.05.28 23:42:21.245,1.54205,1.54245,1.80,1.60
2009.05.28 23:42:21.535,1.54205,1.54245,1.00,1.60
2009.05.28 23:42:21.715,1.542,1.54245,1.80,1.60
2009.05.28 23:42:22.594,1.542,1.5424,1.80,1.60
2009.05.28 23:42:22.755,1.542,1.5424,1.60,1.60
2009.05.28 23:42:23.164,1.54195,1.5424,1.80,1.60
2009.05.28 23:42:23.394,1.54195,1.5423,1.80,1.60
2009.05.28 23:42:23.734,1.54195,1.5424,1.80,1.60
2009.05.28 23:42:25.004,1.5419,1.54225,1.00,1.60
2009.05.28 23:42:25.334,1.5419,1.54225,1.60,1.60
2009.05.28 23:42:25.384,1.5419,1.54225,1.00,1.60
2009.05.28 23:42:25.504,1.5419,1.5422,1.00,1.60
2009.05.28 23:42:25.744,1.54185,1.5422,1.80,1.60
2009.05.28 23:42:25.854,1.54185,1.5422,1.00,1.60
2009.05.28 23:42:25.914,1.5418,1.5422,3.20,1.60
2009.05.28 23:42:26.213,1.5418,1.54215,4.60,1.60
2009.05.28 23:42:26.443,1.5418,1.54215,3.20,1.60
2009.05.28 23:42:27.363,1.54185,1.54215,1.00,1.60
2009.05.28 23:42:27.713,1.54175,1.54205,4.80,1.60
2009.05.28 23:42:27.943,1.54175,1.54205,4.60,1.60
2009.05.28 23:42:28.005,1.54185,1.54205,1.00,1.60
2009.05.28 23:42:28.693,1.5418,1.54215,4.60,1.60
2009.05.28 23:42:30.712,1.5418,1.5422,4.60,1.40
2009.05.28 23:42:31.002,1.5419,1.5422,4.60,1.40
2009.05.28 23:42:31.292,1.54165,1.54215,1.00,1.40
2009.05.28 23:42:32.092,1.5416,1.542,4.60,1.40
2009.05.28 23:42:39.320,1.5417,1.54205,4.60,1.40
2009.05.28 23:42:41.220,1.5417,1.542,4.60,1.40
2009.05.28 23:42:41.520,1.54165,1.542,4.60,1.40
2009.05.28 23:42:41.980,1.54155,1.542,4.60,1.40
2009.05.28 23:42:42.149,1.54155,1.5419,4.60,1.40
2009.05.28 23:42:48.128,1.54155,1.5419,6.20,1.40
2009.05.28 23:42:48.358,1.5418,1.54205,4.60,4.80
2009.05.28 23:42:48.538,1.5418,1.5423,4.60,1.60
2009.05.28 23:42:50.587,1.5419,1.54225,4.60,2.20
2009.05.28 23:42:50.917,1.5419,1.54225,4.60,1.40
2009.05.28 23:42:51.877,1.5419,1.5423,4.60,5.60
2009.05.28 23:42:52.207,1.5419,1.54225,4.60,1.40
2009.05.28 23:42:52.737,1.54175,1.54225,4.80,1.60
2009.05.28 23:42:53.087,1.5419,1.54225,4.60,1.60
2009.05.28 23:42:53.207,1.5419,1.54225,4.60,1.40
2009.05.28 23:43:02.955,1.5419,1.5423,4.60,1.20
2009.05.28 23:43:05.094,1.5419,1.5423,4.60,4.80
2009.05.28 23:43:05.264,1.5419,1.54225,4.60,1.40
2009.05.28 23:43:06.044,1.542,1.5423,4.60,8.80
2009.05.28 23:43:06.214,1.542,1.5423,4.60,4.00
2009.05.28 23:43:07.574,1.5419,1.5423,4.60,4.80
2009.05.28 23:43:07.694,1.54185,1.54225,4.80,1.60
2009.05.28 23:43:07.923,1.54185,1.5422,4.60,1.20
2009.05.28 23:43:14.222,1.5416,1.54205,1.00,1.20
2009.05.28 23:43:14.512,1.5417,1.5421,1.00,4.00
2009.05.28 23:43:15.401,1.5417,1.54195,1.00,4.80
2009.05.28 23:43:15.521,1.5416,1.54195,1.00,4.80
2009.05.28 23:43:15.871,1.54145,1.54195,1.00,4.80
2009.05.28 23:43:22.150,1.5415,1.542,4.60,1.20
2009.05.28 23:43:24.449,1.5416,1.542,4.60,1.60
2009.05.28 23:43:24.670,1.5416,1.5419,4.80,1.20
2009.05.28 23:43:25.019,1.5416,1.542,4.80,4.60
2009.05.28 23:43:25.199,1.5416,1.54205,4.80,9.60
2009.05.28 23:43:25.379,1.54175,1.54215,4.60,5.60
2009.05.28 23:43:25.739,1.54175,1.54215,4.60,1.20
2009.05.28 23:43:27.349,1.54175,1.54205,4.60,1.20
2009.05.28 23:43:27.519,1.5417,1.54205,4.60,1.20
2009.05.28 23:43:28.898,1.5417,1.542,4.60,1.20
2009.05.28 23:43:29.178,1.54165,1.5418,4.60,1.60
2009.05.28 23:43:29.298,1.54165,1.54175,4.60,1.60
2009.05.28 23:43:29.538,1.54165,1.5418,4.60,1.40
2009.05.28 23:43:30.968,1.5413,1.5417,3.20,1.00
2009.05.28 23:43:31.198,1.5412,1.54165,4.60,1.00
2009.05.28 23:43:34.677,1.54145,1.54165,4.60,1.00
2009.05.28 23:43:34.907,1.54145,1.54205,4.80,1.60
2009.05.28 23:43:38.516,1.5417,1.542,4.60,1.60
2009.05.28 23:43:42.285,1.5417,1.54205,4.60,1.60
2009.05.28 23:43:42.515,1.5417,1.54205,4.60,1.20
2009.05.28 23:43:49.323,1.54175,1.54205,4.60,1.20
2009.05.28 23:43:50.523,1.54175,1.5422,4.80,1.60
2009.05.28 23:43:52.553,1.54185,1.5423,4.80,6.20
2009.05.28 23:43:52.713,1.54185,1.5423,4.80,1.40
2009.05.28 23:43:57.052,1.5419,1.5423,4.60,1.40
2009.05.28 23:43:57.331,1.5419,1.54235,4.80,1.40
2009.05.28 23:43:58.441,1.5419,1.54235,6.40,1.40
2009.05.28 23:43:58.791,1.54215,1.5424,1.00,4.80
2009.05.28 23:43:59.021,1.5422,1.5428,4.60,1.60
2009.05.28 23:43:59.191,1.5422,1.54285,4.80,1.60
2009.05.28 23:44:00.191,1.54235,1.54275,4.60,1.60
2009.05.28 23:44:00.371,1.5424,1.54285,1.00,1.60
2009.05.28 23:44:00.701,1.54235,1.54285,4.80,1.60
2009.05.28 23:44:01.271,1.5424,1.54285,1.00,1.60
2009.05.28 23:44:01.731,1.54235,1.54285,4.80,1.60
2009.05.28 23:44:03.610,1.54235,1.54285,1.00,1.60
2009.05.28 23:44:03.730,1.5423,1.54275,4.80,1.60
2009.05.28 23:44:04.320,1.5423,1.54275,4.60,1.60
2009.05.28 23:44:06.679,1.54225,1.54275,1.00,1.60
2009.05.28 23:44:06.959,1.5422,1.54265,4.80,1.60
2009.05.28 23:44:12.018,1.54215,1.54255,4.60,1.60
2009.05.28 23:44:12.518,1.5421,1.54255,1.00,1.60
2009.05.28 23:44:12.628,1.54205,1.5425,4.80,1.60
2009.05.28 23:44:13.967,1.54205,1.5425,1.00,1.60
2009.05.28 23:44:14.137,1.54205,1.5424,1.00,1.40
2009.05.28 23:44:17.177,1.5416,1.54195,1.60,1.20
2009.05.28 23:44:17.586,1.5413,1.54195,1.00,1.20
2009.05.28 23:44:17.697,1.54115,1.54185,1.00,1.60
2009.05.28 23:44:18.376,1.5413,1.54165,4.60,1.60
2009.05.28 23:44:19.086,1.5414,1.5418,4.80,1.20
2009.05.28 23:44:23.015,1.54155,1.54195,4.60,1.20
2009.05.28 23:44:23.185,1.5415,1.54195,1.00,1.20
2009.05.28 23:44:23.305,1.5415,1.54185,1.00,1.20
2009.05.28 23:44:29.474,1.54155,1.54185,1.00,1.20
2009.05.28 23:44:33.573,1.54145,1.5418,1.00,1.20
2009.05.28 23:44:39.191,1.5415,1.5418,1.00,1.20
2009.05.28 23:44:39.251,1.5415,1.54185,1.00,5.60
2009.05.28 23:44:39.481,1.5415,1.54185,1.00,1.20
2009.05.28 23:44:40.071,1.5414,1.5418,8.00,1.20
2009.05.28 23:44:40.181,1.5414,1.5418,4.80,1.20
2009.05.28 23:44:40.701,1.54145,1.5418,1.00,1.20
2009.05.28 23:44:44.750,1.5414,1.5418,4.80,1.20
2009.05.28 23:44:46.799,1.54145,1.5418,1.00,1.20
2009.05.28 23:44:48.299,1.54145,1.54185,1.00,6.20
2009.05.28 23:44:48.859,1.5416,1.54185,1.00,4.80
2009.05.28 23:44:48.969,1.54165,1.542,1.00,1.20
2009.05.28 23:44:49.609,1.54175,1.54205,1.00,1.40
2009.05.28 23:44:50.079,1.5418,1.54215,1.00,1.40
2009.05.28 23:44:50.379,1.54165,1.542,4.80,1.20
2009.05.28 23:44:50.488,1.54165,1.54195,4.60,1.20
2009.05.28 23:44:50.769,1.5416,1.54195,1.00,1.20
2009.05.28 23:44:50.879,1.5415,1.54185,1.00,1.20
2009.05.28 23:44:56.429,1.5416,1.54185,1.00,1.20
2009.05.28 23:44:56.597,1.5416,1.5419,1.00,1.40
2009.05.28 23:44:56.767,1.5416,1.54195,1.00,5.60
2009.05.28 23:44:57.117,1.5416,1.54195,1.00,1.20
2009.05.28 23:45:04.345,1.5416,1.542,4.80,6.20
2009.05.28 23:45:04.505,1.5416,1.54205,4.80,1.60
2009.05.28 23:45:08.114,1.5415,1.54195,4.80,1.60
2009.05.28 23:45:14.693,1.5416,1.54205,1.00,1.60
2009.05.28 23:45:14.803,1.5416,1.54205,4.80,1.60
2009.05.28 23:45:28.720,1.54165,1.54205,4.60,1.60
2009.05.28 23:45:28.839,1.54165,1.5421,4.80,1.40
2009.05.28 23:45:30.459,1.54165,1.5421,1.00,1.40
2009.05.28 23:45:30.749,1.5417,1.54215,1.00,1.40
2009.05.28 23:45:30.809,1.5417,1.54215,1.00,1.40
2009.05.28 23:45:34.208,1.54175,1.5422,1.00,6.20
2009.05.28 23:45:34.258,1.54175,1.5422,1.00,1.60
2009.05.28 23:45:36.018,1.54185,1.5422,4.60,1.60
2009.05.28 23:45:36.198,1.54185,1.5423,4.80,1.60
2009.05.28 23:45:37.727,1.54175,1.5422,1.00,1.60
2009.05.28 23:45:39.397,1.54165,1.5421,4.80,1.60
2009.05.28 23:45:49.035,1.54175,1.5422,4.80,1.40
2009.05.28 23:45:51.284,1.54175,1.5421,4.60,1.40
2009.05.28 23:45:51.344,1.54165,1.5421,4.80,1.40
2009.05.28 23:45:54.334,1.5416,1.54205,1.00,1.40
2009.05.28 23:45:57.413,1.54165,1.54205,4.60,1.40
2009.05.28 23:45:57.703,1.54165,1.5421,4.80,1.60
2009.05.28 23:46:12.199,1.54175,1.5422,1.00,1.60
2009.05.28 23:46:13.999,1.54185,1.54225,4.60,1.60
2009.05.28 23:46:18.597,1.54205,1.5425,1.00,1.60
2009.05.28 23:46:18.837,1.5419,1.54235,1.00,1.60
2009.05.28 23:46:19.477,1.54195,1.54245,1.00,1.60
2009.05.28 23:46:19.797,1.54205,1.5425,1.00,1.60
2009.05.28 23:46:20.097,1.54215,1.54255,1.00,1.40
2009.05.28 23:46:20.387,1.54215,1.5426,1.00,1.60
2009.05.28 23:46:21.307,1.5421,1.5425,1.80,1.60
2009.05.28 23:46:21.417,1.54205,1.5425,1.00,1.60
2009.05.28 23:46:22.067,1.54195,1.54245,1.00,1.60
2009.05.28 23:46:24.426,1.54205,1.5425,1.00,1.60
2009.05.28 23:46:32.764,1.54195,1.54245,1.00,1.40
2009.05.28 23:46:36.823,1.54205,1.5425,1.00,1.40
2009.05.28 23:46:43.271,1.54195,1.54245,1.00,1.40
2009.05.28 23:46:51.859,1.54205,1.5425,1.00,1.40
2009.05.28 23:47:00.587,1.54215,1.5426,1.00,1.40
2009.05.28 23:47:05.446,1.5423,1.54275,1.00,1.60
2009.05.28 23:47:06.466,1.5422,1.54265,1.00,1.60
2009.05.28 23:47:21.612,1.5423,1.54275,1.00,1.40
2009.05.28 23:47:24.991,1.5422,1.54265,1.00,1.60
2009.05.28 23:47:28.451,1.5422,1.54265,1.80,1.60
2009.05.28 23:47:28.681,1.54235,1.5429,1.00,1.60
2009.05.28 23:47:29.610,1.54245,1.54295,1.00,1.60
2009.05.28 23:47:29.960,1.54235,1.54285,1.80,1.60
2009.05.28 23:47:30.070,1.54235,1.54285,1.00,1.60
2009.05.28 23:47:30.370,1.5424,1.54285,1.00,1.60
2009.05.28 23:47:30.660,1.54245,1.5429,1.00,1.60
2009.05.28 23:47:31.190,1.54255,1.543,1.00,1.60
2009.05.28 23:47:31.370,1.54245,1.5429,1.00,1.40
2009.05.28 23:47:40.448,1.54195,1.5424,1.00,4.80
2009.05.28 23:47:40.738,1.5418,1.54225,7.60,1.40
2009.05.28 23:47:40.848,1.5418,1.54225,1.60,1.40
2009.05.28 23:47:41.197,1.54175,1.54225,1.00,1.40
2009.05.28 23:47:41.987,1.5416,1.54205,1.00,1.40
2009.05.28 23:47:42.367,1.5415,1.54195,1.00,1.40
2009.05.28 23:47:50.995,1.5418,1.54225,1.00,1.40
2009.05.28 23:47:53.345,1.5418,1.54225,1.00,2.20
2009.05.28 23:47:53.515,1.5418,1.54215,1.00,3.20
2009.05.28 23:47:53.635,1.5414,1.542,4.60,1.40
2009.05.28 23:47:53.975,1.5414,1.542,4.60,1.60
2009.05.28 23:47:55.944,1.5416,1.542,1.00,1.40
2009.05.28 23:47:58.064,1.5413,1.542,4.80,1.40
2009.05.28 23:47:58.354,1.5413,1.5419,4.60,1.40
2009.05.28 23:47:58.583,1.5414,1.54205,1.00,1.40
2009.05.28 23:47:59.103,1.5415,1.54195,1.80,1.40
2009.05.28 23:47:59.503,1.54165,1.5423,1.00,1.40
2009.05.28 23:47:59.843,1.54155,1.54185,1.00,1.40
2009.05.28 23:47:59.963,1.5413,1.54185,1.00,1.40
2009.05.28 23:48:00.143,1.54125,1.54185,6.20,1.40
2009.05.28 23:48:00.263,1.54125,1.54185,4.60,1.40
2009.05.28 23:48:00.723,1.54155,1.54185,4.60,1.40
2009.05.28 23:48:01.243,1.5417,1.54195,1.00,1.40
2009.05.28 23:48:01.752,1.54175,1.5423,1.00,1.40
2009.05.28 23:48:02.022,1.5418,1.54235,1.00,1.40
2009.05.28 23:48:02.942,1.54165,1.5421,6.40,1.40
2009.05.28 23:48:03.452,1.54155,1.542,4.60,1.40
2009.05.28 23:48:07.591,1.54165,1.54195,4.60,1.40
2009.05.28 23:48:07.811,1.54165,1.54205,4.60,1.60
2009.05.28 23:48:21.818,1.5417,1.54205,4.60,1.40
2009.05.28 23:48:22.108,1.54185,1.5421,4.60,1.60
2009.05.28 23:48:22.168,1.54185,1.54235,4.80,5.60
2009.05.28 23:48:22.388,1.54195,1.54235,4.80,4.80
2009.05.28 23:48:22.548,1.54195,1.54245,4.80,1.40
2009.05.28 23:48:22.838,1.54195,1.5425,4.80,6.20
2009.05.28 23:48:24.337,1.5419,1.54235,4.80,1.60
2009.05.28 23:48:54.890,1.5418,1.54225,4.80,1.60
2009.05.28 23:48:55.010,1.5418,1.5422,4.60,1.60
2009.05.28 23:49:05.167,1.5418,1.54205,4.60,1.60
2009.05.28 23:49:09.236,1.54195,1.54205,4.60,1.60
2009.05.28 23:49:09.356,1.54195,1.5422,4.60,1.60
2009.05.28 23:49:29.182,1.542,1.54215,4.60,1.60
2009.05.28 23:49:29.301,1.5419,1.54215,4.60,1.60
2009.05.28 23:49:29.771,1.5418,1.5422,4.80,1.60
2009.05.28 23:49:29.951,1.54195,1.5422,4.60,1.60
2009.05.28 23:49:33.680,1.5418,1.5422,3.20,1.60
2009.05.28 23:49:34.030,1.54175,1.5422,1.00,1.60
2009.05.28 23:49:36.020,1.54175,1.5422,1.00,1.40
2009.05.28 23:49:36.190,1.5419,1.5423,1.00,1.40
2009.05.28 23:49:38.619,1.54165,1.54215,4.00,1.40
2009.05.28 23:49:38.969,1.5416,1.54215,1.00,1.40
2009.05.28 23:49:44.398,1.5416,1.54205,3.40,1.60
2009.05.28 23:49:44.698,1.54175,1.54215,1.00,1.60
2009.05.28 23:49:47.207,1.5416,1.54205,1.00,1.60
2009.05.28 23:49:48.867,1.5416,1.54195,1.00,1.60
2009.05.28 23:49:49.497,1.5416,1.54205,1.00,1.60
2009.05.28 23:49:53.206,1.5416,1.54195,1.00,1.60
2009.05.28 23:49:53.956,1.5416,1.5419,1.00,1.60
2009.05.28 23:49:54.415,1.54145,1.5419,1.00,1.60
2009.05.28 23:50:03.953,1.5415,1.54195,1.00,1.40
2009.05.28 23:50:04.243,1.5416,1.54205,1.00,1.40
2009.05.28 23:50:09.062,1.5416,1.5419,3.20,1.60
2009.05.28 23:50:09.242,1.54135,1.54175,7.20,1.60
2009.05.28 23:50:09.462,1.54135,1.54175,4.00,1.60
2009.05.28 23:50:09.902,1.5413,1.54175,1.00,1.60
2009.05.28 23:50:10.082,1.5413,1.54175,3.40,1.60
2009.05.28 23:50:10.722,1.54135,1.54175,1.00,1.60
2009.05.28 23:50:10.961,1.54125,1.5416,1.00,1.60
2009.05.28 23:50:11.071,1.5412,1.5416,3.40,1.60
2009.05.28 23:50:11.131,1.5412,1.54145,3.20,1.60
2009.05.28 23:50:11.471,1.5412,1.54155,3.20,1.40
2009.05.28 23:50:11.701,1.54125,1.54155,3.20,1.40
2009.05.28 23:50:11.871,1.54125,1.5416,3.20,1.40
2009.05.28 23:50:18.390,1.54095,1.54145,1.00,1.40
2009.05.28 23:50:18.629,1.54085,1.5414,1.00,1.40
2009.05.28 23:50:18.859,1.5408,1.54125,6.60,1.40
2009.05.28 23:50:19.099,1.54095,1.54135,1.00,1.40
2009.05.28 23:50:24.158,1.5412,1.54155,3.40,1.60
2009.05.28 23:50:26.938,1.5412,1.54155,1.00,1.60
2009.05.28 23:50:27.108,1.54095,1.5414,3.00,1.60
2009.05.28 23:50:27.218,1.5409,1.5414,5.00,1.60
2009.05.28 23:50:27.397,1.5409,1.5414,1.00,1.60
2009.05.28 23:50:30.527,1.54095,1.5414,4.80,1.60
2009.05.28 23:50:34.986,1.54105,1.5414,3.40,1.60
2009.05.28 23:50:35.166,1.54105,1.5414,8.00,1.60
2009.05.28 23:50:35.585,1.5411,1.5415,1.00,1.60
2009.05.28 23:50:36.785,1.54095,1.5414,8.00,1.60
2009.05.28 23:50:37.025,1.54105,1.5415,1.00,1.60
2009.05.28 23:50:37.085,1.5411,1.5415,1.00,1.60
2009.05.28 23:50:38.505,1.5411,1.54135,1.00,1.60
2009.05.28 23:50:38.735,1.54085,1.54125,3.20,1.60
2009.05.28 23:50:39.085,1.5409,1.54125,4.60,1.60
2009.05.28 23:50:39.315,1.5409,1.5414,4.80,1.60
2009.05.28 23:50:39.725,1.541,1.5415,1.00,1.60
2009.05.28 23:50:40.124,1.54105,1.5415,1.00,1.00
2009.05.28 23:50:40.424,1.5411,1.5416,1.00,4.80
2009.05.28 23:50:40.724,1.5411,1.54155,1.00,1.00
2009.05.28 23:50:41.005,1.54095,1.54155,1.00,1.60
2009.05.28 23:50:41.064,1.5409,1.54155,1.60,1.60
2009.05.28 23:50:41.394,1.5408,1.54165,4.80,4.80
2009.05.28 23:50:43.774,1.5408,1.54165,4.80,8.00
2009.05.28 23:50:43.944,1.5408,1.5416,4.80,4.80
2009.05.28 23:50:44.063,1.5408,1.5415,4.80,1.20
2009.05.28 23:50:46.363,1.5408,1.5415,1.00,1.20
2009.05.28 23:50:47.463,1.54095,1.5415,1.00,1.20
2009.05.28 23:50:48.552,1.54105,1.5415,1.00,1.20
2009.05.28 23:50:49.002,1.54105,1.5415,1.00,1.40
2009.05.28 23:50:49.292,1.54105,1.5415,1.00,1.20
2009.05.28 23:50:50.112,1.54095,1.5413,4.60,1.00
2009.05.28 23:50:51.852,1.54105,1.5416,1.00,1.20
2009.05.28 23:50:52.251,1.54105,1.5416,1.00,1.60
2009.05.28 23:50:54.372,1.541,1.54145,1.00,1.20
2009.05.28 23:50:54.731,1.54105,1.5415,1.00,1.40
2009.05.28 23:50:56.270,1.54115,1.5415,4.60,1.40
2009.05.28 23:50:56.631,1.54115,1.5415,4.80,1.20
2009.05.28 23:50:56.750,1.54115,1.5416,4.80,1.60
2009.05.28 23:51:00.689,1.5412,1.5416,4.60,1.60
2009.05.28 23:51:00.979,1.5413,1.54165,1.00,1.40
2009.05.28 23:51:01.259,1.5413,1.54175,1.00,1.40
2009.05.28 23:51:01.479,1.5413,1.54175,1.00,1.60
2009.05.28 23:51:01.659,1.54135,1.54185,1.00,1.60
2009.05.28 23:51:05.238,1.5413,1.54175,1.00,1.40
2009.05.28 23:51:11.927,1.5413,1.54175,1.00,6.20
2009.05.28 23:51:14.026,1.54115,1.5416,4.80,1.60
2009.05.28 23:51:14.886,1.5412,1.5416,4.60,1.60
2009.05.28 23:51:15.116,1.5413,1.5417,1.00,1.40
2009.05.28 23:51:15.456,1.5413,1.54175,1.00,1.60
2009.05.28 23:51:19.645,1.5412,1.54165,1.00,1.60
2009.05.28 23:51:26.533,1.54075,1.5414,3.20,1.60
2009.05.28 23:51:26.713,1.5408,1.5414,1.60,1.60
2009.05.28 23:51:26.893,1.5408,1.54145,1.00,1.60
2009.05.28 23:51:27.243,1.5409,1.54145,1.00,4.80
2009.05.28 23:51:27.403,1.5409,1.5415,1.00,1.20
2009.05.28 23:51:29.263,1.5409,1.5414,1.00,1.20
2009.05.28 23:51:29.492,1.54095,1.5414,1.00,1.20
2009.05.28 23:51:31.472,1.5409,1.5414,1.00,1.20
2009.05.28 23:51:32.492,1.54105,1.5414,4.60,1.20
2009.05.28 23:51:32.702,1.54105,1.54145,4.60,4.80
2009.05.28 23:51:32.882,1.5411,1.5415,1.00,3.20
2009.05.28 23:51:33.222,1.5411,1.54155,1.00,1.00
2009.05.28 23:51:33.401,1.5411,1.5416,1.00,1.00
2009.05.28 23:51:34.031,1.54115,1.5416,1.00,4.80
2009.05.28 23:51:35.061,1.5412,1.54165,1.00,9.60
2009.05.28 23:51:35.231,1.54125,1.54165,4.60,5.60
2009.05.28 23:51:35.351,1.5413,1.54165,1.00,4.80
2009.05.28 23:51:35.681,1.5413,1.5417,1.00,4.80
2009.05.28 23:51:35.791,1.5412,1.5417,1.00,4.80
2009.05.28 23:51:36.431,1.5412,1.54165,1.00,1.20
2009.05.28 23:51:36.771,1.5412,1.54165,1.00,5.60
2009.05.28 23:51:38.970,1.54145,1.54165,1.00,4.80
2009.05.28 23:51:39.410,1.5413,1.5417,1.00,4.80
2009.05.28 23:51:39.770,1.54115,1.54175,1.00,1.60
2009.05.28 23:51:40.060,1.5413,1.54175,1.00,3.20
2009.05.28 23:51:40.230,1.5413,1.5417,1.00,3.20
2009.05.28 23:51:40.520,1.5413,1.5417,1.00,4.80
2009.05.28 23:51:41.450,1.54145,1.5417,1.00,1.60
2009.05.28 23:51:41.570,1.54155,1.54185,1.00,1.60
2009.05.28 23:51:41.689,1.54155,1.5419,1.00,5.80
2009.05.28 23:51:41.970,1.54155,1.5419,1.00,1.60
2009.05.28 23:51:42.199,1.54155,1.5419,1.00,4.80
2009.05.28 23:51:42.309,1.54155,1.54195,1.00,1.20
2009.05.28 23:51:42.819,1.5416,1.54205,1.00,4.60
2009.05.28 23:51:43.229,1.54155,1.54195,1.00,1.20
2009.05.28 23:51:43.669,1.5412,1.5418,1.00,1.20
2009.05.28 23:51:48.078,1.54125,1.54165,4.60,5.60
2009.05.28 23:51:52.467,1.54125,1.5417,1.00,1.60
2009.05.28 23:52:10.633,1.5414,1.54185,1.00,10.20
2009.05.28 23:52:10.683,1.5414,1.54185,1.00,5.40
2009.05.28 23:52:10.912,1.54135,1.5418,1.00,1.40
2009.05.28 23:52:11.542,1.5414,1.54185,1.00,5.40
2009.05.28 23:52:15.981,1.54155,1.5421,1.00,1.40
2009.05.28 23:52:16.951,1.5415,1.54195,1.00,1.40
2009.05.28 23:52:17.461,1.5414,1.54185,1.00,1.40
2009.05.28 23:52:18.920,1.5414,1.54185,1.80,1.40
2009.05.28 23:52:19.091,1.54165,1.54205,1.00,11.20
2009.05.28 23:52:19.211,1.54165,1.542,1.00,1.60
2009.05.28 23:52:19.491,1.54135,1.54185,4.80,1.60
2009.05.28 23:52:19.660,1.54145,1.54195,1.00,1.20
2009.05.28 23:52:19.980,1.54145,1.54195,1.00,4.80
2009.05.28 23:52:20.210,1.5413,1.5419,1.00,1.60
2009.05.28 23:52:20.890,1.5414,1.54185,1.80,1.60
2009.05.28 23:52:21.170,1.54165,1.542,1.00,4.80
2009.05.28 23:52:21.340,1.54155,1.5421,1.00,1.60
2009.05.28 23:52:21.620,1.5413,1.54195,3.40,1.60
2009.05.28 23:52:21.800,1.54155,1.5422,1.00,1.60
2009.05.28 23:52:25.599,1.54175,1.54215,1.00,1.60
2009.05.28 23:52:25.889,1.54165,1.5421,1.00,1.60
2009.05.28 23:52:26.639,1.5415,1.54195,1.00,1.60
2009.05.28 23:52:27.279,1.54135,1.5418,1.00,1.60
2009.05.28 23:52:28.878,1.54125,1.5417,1.00,1.60
2009.05.28 23:52:29.058,1.5414,1.54185,1.00,1.60
2009.05.28 23:52:30.068,1.5415,1.54195,1.00,1.60
2009.05.28 23:52:30.658,1.54155,1.54205,1.00,1.60
2009.05.28 23:52:31.058,1.54165,1.5421,1.00,1.60
2009.05.28 23:52:31.817,1.54155,1.54205,1.00,1.60
2009.05.28 23:52:32.797,1.5416,1.54205,4.60,1.60
2009.05.28 23:52:32.857,1.54165,1.5421,1.00,1.60
2009.05.28 23:52:33.667,1.5416,1.542,4.60,1.20
2009.05.28 23:52:33.957,1.5416,1.54205,4.60,1.60
2009.05.28 23:52:34.017,1.54155,1.54205,1.00,1.60
2009.05.28 23:52:34.307,1.5415,1.54195,1.00,1.60
2009.05.28 23:52:34.367,1.5414,1.54185,1.00,1.60
2009.05.28 23:52:34.657,1.54155,1.54195,1.00,1.40
2009.05.28 23:52:35.057,1.5415,1.54195,1.00,1.60
2009.05.28 23:52:35.347,1.54155,1.54205,1.00,4.80
2009.05.28 23:52:40.815,1.54155,1.54205,1.00,4.80
2009.05.28 23:52:41.685,1.54155,1.54205,1.00,6.40
2009.05.28 23:52:41.865,1.54155,1.54205,1.00,7.20
2009.05.28 23:52:47.644,1.54145,1.5418,4.60,1.40
2009.05.28 23:52:48.783,1.54145,1.54185,4.60,1.40
2009.05.28 23:52:56.612,1.5413,1.54175,3.40,1.40
2009.05.28 23:52:56.892,1.5413,1.54175,5.00,1.40
2009.05.28 23:52:56.951,1.5414,1.5419,1.00,1.60
2009.05.28 23:52:58.791,1.54145,1.542,1.00,1.60
2009.05.28 23:53:01.460,1.5415,1.54195,1.60,1.60
2009.05.28 23:53:07.829,1.54145,1.54195,1.00,1.60
2009.05.28 23:53:08.239,1.5415,1.54195,1.00,1.40
2009.05.28 23:53:21.286,1.54135,1.5418,1.80,1.60
2009.05.28 23:53:21.516,1.54135,1.5418,1.00,1.60
2009.05.28 23:53:21.855,1.5415,1.54195,1.00,1.40
2009.05.28 23:53:22.106,1.54145,1.5419,1.00,1.60
2009.05.28 23:53:22.565,1.5416,1.54205,1.00,6.20
2009.05.28 23:53:22.905,1.5416,1.54205,1.00,1.40
2009.05.28 23:53:23.595,1.5415,1.54195,1.00,1.60
2009.05.28 23:53:24.395,1.54145,1.5419,1.00,1.60
2009.05.28 23:53:24.675,1.5411,1.54175,5.00,1.60
2009.05.28 23:53:25.025,1.54115,1.54185,1.00,5.60
2009.05.28 23:53:25.374,1.54115,1.54185,1.00,1.20
2009.05.28 23:53:27.914,1.54125,1.5417,1.00,1.60
2009.05.28 23:53:28.784,1.5413,1.5418,1.00,1.60
2009.05.28 23:53:30.564,1.5413,1.5418,3.40,1.60
2009.05.28 23:53:30.673,1.5414,1.54185,1.00,1.60
2009.05.28 23:53:31.073,1.541,1.54165,5.00,1.60
2009.05.28 23:53:31.363,1.541,1.54165,1.00,1.60
2009.05.28 23:53:31.533,1.54115,1.5418,1.00,1.60
2009.05.28 23:53:32.113,1.5413,1.5418,1.00,6.20
2009.05.28 23:53:32.283,1.5413,1.5418,1.00,1.40
2009.05.28 23:53:34.712,1.5413,1.5418,3.40,1.40
2009.05.28 23:53:35.702,1.5413,1.5418,1.00,6.20
2009.05.28 23:53:36.002,1.54115,1.54165,3.40,1.40
2009.05.28 23:53:36.692,1.54125,1.54175,1.00,1.40
2009.05.28 23:53:36.812,1.5413,1.54185,3.40,6.20
2009.05.28 23:53:37.262,1.5413,1.5418,3.40,1.40
2009.05.28 23:53:38.572,1.5414,1.54185,1.00,1.40
2009.05.28 23:53:39.241,1.5415,1.54195,1.00,1.40
2009.05.28 23:53:39.631,1.5414,1.54185,1.00,1.40
2009.05.28 23:53:40.211,1.5413,1.54175,1.00,1.40
2009.05.28 23:53:40.981,1.5413,1.54175,3.40,1.40
2009.05.28 23:53:41.551,1.5413,1.54165,3.20,1.40
2009.05.28 23:53:41.791,1.5412,1.54165,3.40,1.40
2009.05.28 23:53:41.961,1.5413,1.54175,3.40,1.40
2009.05.28 23:53:50.029,1.5414,1.54185,1.00,4.80
2009.05.28 23:53:50.208,1.5414,1.54195,1.00,9.60
2009.05.28 23:53:50.778,1.5414,1.54195,1.00,4.80
2009.05.28 23:53:51.248,1.5415,1.54195,1.00,4.80
2009.05.28 23:53:51.428,1.5415,1.54195,1.00,9.00
2009.05.28 23:53:51.648,1.5415,1.54195,1.00,8.80
2009.05.28 23:53:51.768,1.5415,1.54205,1.00,8.20
2009.05.28 23:53:52.008,1.5415,1.542,1.00,8.20
2009.05.28 23:53:52.118,1.5415,1.542,1.00,5.00
2009.05.28 23:53:52.408,1.5415,1.54205,1.00,5.00
2009.05.28 23:53:53.448,1.5414,1.54205,1.00,5.00
2009.05.28 23:53:53.508,1.5414,1.54195,1.00,4.80
2009.05.28 23:53:54.008,1.5414,1.54195,1.00,5.00
2009.05.28 23:53:57.167,1.5414,1.54195,1.00,4.80
2009.05.28 23:53:57.577,1.5414,1.54185,1.00,1.60
2009.05.28 23:54:05.355,1.54135,1.5418,1.00,1.60
2009.05.28 23:54:16.902,1.54135,1.5418,1.00,1.40
2009.05.28 23:54:37.607,1.54135,1.5418,1.00,1.40
2009.05.28 23:54:44.655,1.5413,1.54175,1.00,1.40
2009.05.28 23:54:45.515,1.54135,1.5418,1.00,1.40
2009.05.28 23:54:46.795,1.54135,1.5418,4.80,1.40
2009.05.28 23:54:47.345,1.54135,1.54175,4.60,1.40
2009.05.28 23:54:52.664,1.54145,1.54175,4.60,1.40
2009.05.28 23:54:52.714,1.54145,1.5418,4.60,1.60
2009.05.28 23:55:00.202,1.54135,1.54175,4.80,4.80
2009.05.28 23:55:00.602,1.54145,1.5419,1.00,1.60
2009.05.28 23:55:00.951,1.54165,1.5419,4.60,1.60
2009.05.28 23:55:01.131,1.54165,1.5423,1.00,1.60
2009.05.28 23:55:01.522,1.54165,1.54235,1.00,5.60
2009.05.28 23:55:01.861,1.54205,1.5425,1.00,6.40
2009.05.28 23:55:02.192,1.54205,1.5424,1.00,1.60
2009.05.28 23:55:02.481,1.5422,1.54255,1.00,1.60
2009.05.28 23:55:02.661,1.5421,1.5424,4.80,1.60
2009.05.28 23:55:03.011,1.54235,1.5429,1.00,2.40
2009.05.28 23:55:03.571,1.54235,1.54275,5.00,1.00
2009.05.28 23:55:04.031,1.54235,1.5428,4.80,2.40
2009.05.28 23:55:04.141,1.5421,1.5426,1.00,1.60
2009.05.28 23:55:05.630,1.5416,1.54225,1.00,1.60
2009.05.28 23:55:06.050,1.5415,1.54225,1.00,1.60
2009.05.28 23:55:06.101,1.5416,1.54235,1.00,1.60
2009.05.28 23:55:06.371,1.5421,1.5425,1.00,1.40
2009.05.28 23:55:06.660,1.542,1.5427,1.00,1.60
2009.05.28 23:55:07.170,1.54205,1.5427,1.00,6.20
2009.05.28 23:55:07.570,1.54215,1.54265,1.00,6.20
2009.05.28 23:55:08.920,1.542,1.54245,1.00,1.60
2009.05.28 23:55:12.379,1.542,1.5423,1.00,6.20
2009.05.28 23:55:12.609,1.542,1.5423,1.00,4.80
2009.05.28 23:55:12.839,1.542,1.5425,1.00,6.20
2009.05.28 23:55:13.178,1.542,1.5425,1.00,1.40
2009.05.28 23:55:16.768,1.54165,1.5423,11.20,1.40
2009.05.28 23:55:16.948,1.54175,1.5423,3.20,1.40
2009.05.28 23:55:17.368,1.54185,1.5425,1.00,6.20
2009.05.28 23:55:17.658,1.5419,1.54255,1.00,1.40
2009.05.28 23:55:20.467,1.54205,1.5425,1.00,1.40
2009.05.28 23:55:22.096,1.54205,1.5424,1.00,4.80
2009.05.28 23:55:22.687,1.54205,1.5425,1.00,1.40
2009.05.28 23:55:25.335,1.54195,1.5424,1.00,1.40
2009.05.28 23:55:25.566,1.542,1.54245,1.00,1.40
2009.05.28 23:55:28.755,1.5421,1.54255,1.00,1.40
2009.05.28 23:55:30.844,1.5421,1.5424,1.00,1.40
2009.05.28 23:55:30.895,1.5421,1.5424,1.00,6.20
2009.05.28 23:55:31.124,1.5421,1.5424,1.00,4.80
2009.05.28 23:55:31.244,1.5421,1.54255,1.00,1.40
2009.05.28 23:55:32.164,1.542,1.54245,1.00,1.60
2009.05.28 23:55:34.693,1.54185,1.5423,1.00,1.40
2009.05.28 23:55:34.803,1.5419,1.5424,1.00,1.40
2009.05.28 23:55:37.003,1.54195,1.5424,4.60,1.40
2009.05.28 23:55:37.063,1.5421,1.54265,1.00,1.40
2009.05.28 23:55:37.293,1.54195,1.5425,1.00,1.40
2009.05.28 23:55:50.539,1.5419,1.5424,1.00,1.60
2009.05.28 23:55:51.169,1.542,1.54245,1.00,1.60
2009.05.28 23:55:52.379,1.5419,1.5424,1.00,1.60
2009.05.28 23:55:53.069,1.542,1.54245,1.00,1.60
2009.05.28 23:55:57.847,1.5421,1.54255,1.00,1.60
2009.05.28 23:55:58.547,1.54215,1.5426,1.00,1.60
2009.05.28 23:56:17.483,1.5423,1.5428,1.00,4.80
2009.05.28 23:56:17.762,1.5423,1.54285,1.00,6.20
2009.05.28 23:56:17.873,1.5423,1.54285,1.00,1.40
2009.05.28 23:56:17.993,1.5423,1.5429,1.00,1.40
2009.05.28 23:56:18.563,1.54245,1.543,1.00,1.40
2009.05.28 23:56:18.742,1.5424,1.54305,1.00,6.20
2009.05.28 23:56:21.232,1.5424,1.54295,1.00,1.40
2009.05.28 23:56:21.572,1.5423,1.54295,1.00,6.20
2009.05.28 23:56:23.302,1.5423,1.5428,1.00,1.60
2009.05.28 23:56:26.301,1.5424,1.5428,1.00,1.60
2009.05.28 23:56:26.531,1.5425,1.54305,1.00,1.60
2009.05.28 23:56:27.561,1.54245,1.54295,1.00,1.60
2009.05.28 23:56:29.530,1.5426,1.54305,1.00,1.60
2009.05.28 23:56:46.047,1.54275,1.5433,1.00,4.80
2009.05.28 23:56:46.156,1.54285,1.54345,1.00,4.60
2009.05.28 23:56:46.386,1.54285,1.54335,1.00,3.20
2009.05.28 23:56:46.626,1.54285,1.54345,1.00,4.60
2009.05.28 23:56:54.084,1.54275,1.54325,1.00,1.60
2009.05.28 23:56:54.204,1.5429,1.5434,1.20,1.60
2009.05.28 23:56:54.484,1.54295,1.5434,3.40,8.00
2009.05.28 23:56:54.594,1.54295,1.54345,1.00,1.60
2009.05.28 23:56:54.934,1.5429,1.5434,1.00,1.60
2009.05.28 23:56:55.334,1.543,1.54345,1.00,1.60
2009.05.28 23:57:00.912,1.5431,1.54355,1.00,1.60
2009.05.28 23:57:13.359,1.54315,1.5436,1.00,4.60
2009.05.28 23:57:13.419,1.54315,1.5436,1.00,1.40
2009.05.28 23:57:18.548,1.543,1.54345,1.00,1.40
2009.05.28 23:57:28.215,1.543,1.54345,3.40,1.60
2009.05.28 23:57:28.566,1.543,1.54345,1.00,1.60
2009.05.28 23:57:36.194,1.54295,1.5434,1.00,1.60
2009.05.28 23:57:37.464,1.543,1.54345,1.00,1.60
2009.05.28 23:57:38.963,1.54305,1.5435,1.00,1.60
2009.05.28 23:57:47.301,1.543,1.54345,4.60,1.60
2009.05.28 23:57:47.661,1.543,1.54345,3.40,1.60
2009.05.28 23:57:47.831,1.543,1.54345,1.00,1.60
2009.05.28 23:58:48.876,1.5429,1.5435,3.20,3.20
2009.05.28 23:59:03.203,1.5429,1.5434,3.20,1.00
2009.05.28 23:59:03.463,1.5425,1.54315,1.80,1.60
2009.05.28 23:59:03.823,1.5425,1.54315,3.40,1.60
2009.05.28 23:59:04.053,1.5425,1.54315,1.00,1.60
2009.05.28 23:59:04.413,1.54265,1.5433,1.00,1.60
2009.05.28 23:59:12.511,1.5426,1.54305,3.40,1.60
2009.05.28 23:59:12.930,1.54275,1.5432,1.00,1.60
2009.05.28 23:59:13.040,1.54265,1.5431,1.00,1.60
2009.05.28 23:59:13.500,1.54275,1.5432,1.00,1.60
2009.05.28 23:59:15.460,1.54265,1.5431,1.00,1.60
2009.05.28 23:59:16.270,1.54275,1.5432,1.00,1.60
2009.05.28 23:59:16.999,1.5428,1.5432,1.00,3.20
2009.05.28 23:59:17.259,1.5428,1.5433,1.00,1.60
2009.05.28 23:59:45.794,1.54275,1.5432,1.00,4.60
2009.05.28 23:59:47.712,1.5426,1.54305,1.00,1.40
2009.05.28 23:59:50.771,1.5426,1.54305,1.00,1.40
2009.05.28 23:59:51.921,1.54265,1.5431,1.00,1.40
2009.05.28 23:59:55.710,1.5426,1.54305,1.00,1.40
