2011.05.12 04:00:00.358,1.32877,1.32903,1.88,2.25
2011.05.12 04:00:00.801,1.32877,1.32903,1.13,2.25
2011.05.12 04:00:01.132,1.32877,1.32905,1.88,2.25
2011.05.12 04:00:01.689,1.32877,1.32905,1.13,1.50
2011.05.12 04:00:01.800,1.32877,1.32905,1.13,1.50
2011.05.12 04:00:02.132,1.32882,1.32908,1.50,3.00
2011.05.12 04:00:02.251,1.32883,1.32908,1.13,1.50
2011.05.12 04:00:02.470,1.32883,1.32911,1.13,1.50
2011.05.12 04:00:02.690,1.32886,1.32914,1.13,1.50
2011.05.12 04:00:02.909,1.32886,1.32917,1.13,1.50
2011.05.12 04:00:03.019,1.32887,1.32918,1.50,2.25
2011.05.12 04:00:03.568,1.32887,1.32918,1.50,1.50
2011.05.12 04:00:05.939,1.32889,1.32919,1.13,1.50
2011.05.12 04:00:07.718,1.32891,1.32917,1.50,1.50
2011.05.12 04:00:08.160,1.32888,1.32918,1.50,1.50
2011.05.12 04:00:08.379,1.32887,1.32919,4.13,1.50
2011.05.12 04:00:08.710,1.32893,1.32921,1.50,1.50
2011.05.12 04:00:09.041,1.32889,1.3292,1.50,1.50
2011.05.12 04:00:09.149,1.32889,1.32918,1.50,1.50
2011.05.12 04:00:09.699,1.32893,1.32918,1.50,1.50
2011.05.12 04:00:09.919,1.32893,1.32919,1.50,1.50
2011.05.12 04:00:10.249,1.32895,1.32922,1.50,1.58
2011.05.12 04:00:10.471,1.32895,1.32922,1.50,1.50
2011.05.12 04:00:18.628,1.32895,1.32922,1.50,2.25
2011.05.12 04:00:31.679,1.32894,1.32921,1.13,1.50
2011.05.12 04:00:31.789,1.32894,1.32921,1.13,1.50
2011.05.12 04:00:34.598,1.32894,1.3292,1.88,2.25
2011.05.12 04:00:34.818,1.32894,1.3292,1.88,2.25
2011.05.12 04:00:41.349,1.32894,1.32923,1.88,3.00
2011.05.12 04:00:41.679,1.32894,1.32923,1.88,1.50
2011.05.12 04:00:42.010,1.329,1.32926,1.13,1.50
2011.05.12 04:00:54.061,1.329,1.3293,1.13,2.25
2011.05.12 04:00:55.368,1.32899,1.32929,1.50,1.17
2011.05.12 04:00:55.480,1.32899,1.32924,1.50,1.50
2011.05.12 04:00:55.701,1.32896,1.32922,1.50,1.50
2011.05.12 04:00:55.922,1.3289,1.32918,1.13,1.50
2011.05.12 04:00:56.478,1.3289,1.32919,1.13,2.25
2011.05.12 04:01:00.689,1.3289,1.32917,1.13,1.50
2011.05.12 04:01:00.799,1.32889,1.32912,1.50,1.50
2011.05.12 04:01:01.239,1.32882,1.32912,1.50,1.50
2011.05.12 04:01:01.348,1.32882,1.3291,1.50,1.50
2011.05.12 04:01:01.899,1.3288,1.3291,1.13,2.25
2011.05.12 04:01:02.448,1.3288,1.3291,1.13,2.25
2011.05.12 04:01:04.200,1.32879,1.3291,1.09,2.25
2011.05.12 04:01:05.769,1.3288,1.3291,1.50,1.50
2011.05.12 04:01:06.318,1.32882,1.32911,1.50,1.50
2011.05.12 04:01:06.539,1.32883,1.32913,1.50,1.13
2011.05.12 04:01:06.760,1.32888,1.32915,1.13,1.50
2011.05.12 04:01:06.870,1.32888,1.32916,1.13,1.50
2011.05.12 04:01:07.089,1.32889,1.32918,1.50,1.50
2011.05.12 04:01:07.309,1.32889,1.3292,1.50,1.50
2011.05.12 04:01:07.640,1.32895,1.32923,1.13,1.50
2011.05.12 04:01:07.861,1.32895,1.32927,1.88,1.50
2011.05.12 04:01:08.188,1.329,1.32929,1.13,1.50
2011.05.12 04:01:08.519,1.329,1.3293,1.13,1.50
2011.05.12 04:01:10.678,1.329,1.3293,1.13,1.55
2011.05.12 04:01:10.788,1.329,1.3293,1.13,1.50
2011.05.12 04:01:11.338,1.329,1.32931,1.13,1.50
2011.05.12 04:01:11.841,1.32903,1.3293,1.50,1.50
2011.05.12 04:01:12.389,1.32903,1.3293,1.50,1.50
2011.05.12 04:01:12.968,1.32902,1.3293,1.13,1.50
2011.05.12 04:01:14.113,1.3291,1.32933,1.09,1.50
2011.05.12 04:01:14.230,1.3291,1.32937,1.09,3.00
2011.05.12 04:01:14.341,1.3291,1.32937,1.09,1.50
2011.05.12 04:01:14.955,1.32914,1.32941,1.50,1.50
2011.05.12 04:01:19.020,1.32911,1.32939,1.50,1.13
2011.05.12 04:01:19.131,1.3291,1.32937,1.50,1.50
2011.05.12 04:01:19.239,1.32911,1.32937,1.50,1.50
2011.05.12 04:01:19.681,1.32904,1.32934,1.84,1.88
2011.05.12 04:01:19.791,1.32904,1.32934,1.84,2.25
2011.05.12 04:01:20.121,1.32904,1.32934,1.84,2.63
2011.05.12 04:01:20.449,1.32904,1.32932,1.09,1.50
2011.05.12 04:01:22.001,1.32907,1.32932,1.13,1.50
2011.05.12 04:01:22.548,1.32901,1.3293,1.13,1.50
2011.05.12 04:01:23.571,1.32901,1.3293,1.13,1.50
2011.05.12 04:01:25.364,1.32901,1.32927,1.13,1.50
2011.05.12 04:01:26.339,1.32897,1.32923,1.09,1.50
2011.05.12 04:01:27.097,1.32895,1.32923,1.50,1.50
2011.05.12 04:01:27.538,1.32895,1.32923,1.50,1.50
2011.05.12 04:01:28.640,1.32894,1.32922,1.50,2.25
2011.05.12 04:01:32.179,1.32892,1.32922,1.50,2.25
2011.05.12 04:01:32.729,1.32899,1.32924,1.13,1.50
2011.05.12 04:01:32.951,1.32901,1.32926,1.13,1.50
2011.05.12 04:01:33.170,1.32901,1.32924,1.13,1.50
2011.05.12 04:01:33.719,1.32899,1.32927,1.13,1.50
2011.05.12 04:01:35.679,1.32899,1.32925,1.13,1.50
2011.05.12 04:01:36.097,1.32899,1.32925,1.13,1.50
2011.05.12 04:01:36.223,1.32902,1.32927,1.13,2.25
2011.05.12 04:01:36.561,1.32903,1.32929,1.50,1.55
2011.05.12 04:01:36.673,1.32911,1.32933,1.13,1.54
2011.05.12 04:01:36.791,1.32911,1.32934,1.13,1.54
2011.05.12 04:01:37.229,1.32911,1.32938,1.13,2.25
2011.05.12 04:01:37.560,1.32916,1.3294,1.13,1.50
2011.05.12 04:01:37.783,1.32921,1.32947,1.13,1.50
2011.05.12 04:01:37.902,1.32921,1.32948,1.88,1.50
2011.05.12 04:01:38.020,1.32925,1.3295,1.13,1.50
2011.05.12 04:01:38.570,1.32925,1.32951,1.13,1.50
2011.05.12 04:01:38.789,1.32923,1.3295,1.13,1.50
2011.05.12 04:01:39.121,1.32921,1.32945,1.13,1.50
2011.05.12 04:01:39.229,1.3292,1.32945,2.25,1.50
2011.05.12 04:01:39.340,1.32921,1.32946,1.50,1.50
2011.05.12 04:01:39.560,1.32921,1.32946,1.13,1.50
2011.05.12 04:01:39.779,1.32921,1.32946,1.13,1.50
2011.05.12 04:01:40.110,1.32925,1.32951,1.13,3.00
2011.05.12 04:01:40.438,1.32923,1.32951,1.13,2.25
2011.05.12 04:01:41.101,1.32924,1.32951,1.13,2.25
2011.05.12 04:01:42.240,1.32921,1.32948,1.13,1.50
2011.05.12 04:01:42.349,1.32921,1.32948,1.13,2.25
2011.05.12 04:01:42.459,1.32919,1.32947,1.88,1.50
2011.05.12 04:01:44.291,1.32919,1.32945,1.88,1.50
2011.05.12 04:01:44.961,1.32919,1.32946,1.50,1.50
2011.05.12 04:01:45.070,1.32918,1.32944,1.50,2.25
2011.05.12 04:01:45.180,1.32918,1.32942,1.50,1.13
2011.05.12 04:01:45.400,1.32911,1.32939,1.50,2.25
2011.05.12 04:01:46.060,1.3291,1.32939,1.50,1.88
2011.05.12 04:01:46.279,1.32909,1.32935,1.50,1.50
2011.05.12 04:01:47.272,1.32909,1.32938,1.50,2.25
2011.05.12 04:01:47.711,1.3292,1.32939,1.50,1.50
2011.05.12 04:01:47.929,1.32921,1.32942,1.50,1.50
2011.05.12 04:01:48.369,1.32922,1.32946,1.50,2.25
2011.05.12 04:01:48.919,1.32924,1.32946,1.50,1.50
2011.05.12 04:01:49.029,1.32921,1.32945,1.50,1.50
2011.05.12 04:01:49.249,1.32919,1.32945,1.88,1.50
2011.05.12 04:01:49.580,1.32912,1.32942,1.13,1.50
2011.05.12 04:01:49.690,1.32912,1.32942,1.13,1.50
2011.05.12 04:01:49.909,1.32912,1.32938,1.13,2.25
2011.05.12 04:01:50.811,1.32915,1.32938,1.13,2.25
2011.05.12 04:01:51.140,1.32917,1.3294,1.88,2.25
2011.05.12 04:01:51.470,1.3291,1.32935,1.84,1.50
2011.05.12 04:01:51.690,1.3291,1.32937,1.47,1.50
2011.05.12 04:01:52.023,1.32917,1.32943,1.13,1.50
2011.05.12 04:01:52.143,1.32923,1.32942,1.47,1.50
2011.05.12 04:01:52.688,1.32922,1.32948,1.13,1.50
2011.05.12 04:01:53.018,1.32922,1.32948,1.13,1.50
2011.05.12 04:01:53.818,1.32922,1.32951,1.13,1.50
2011.05.12 04:01:53.930,1.32928,1.32956,1.13,2.25
2011.05.12 04:01:54.259,1.32938,1.32964,1.13,2.25
2011.05.12 04:01:54.369,1.32938,1.32971,1.50,1.88
2011.05.12 04:01:54.700,1.32942,1.32971,1.13,1.50
2011.05.12 04:01:54.810,1.32942,1.32969,1.13,1.50
2011.05.12 04:01:55.369,1.32938,1.32968,1.50,1.13
2011.05.12 04:01:55.590,1.32942,1.32966,1.13,1.50
2011.05.12 04:01:55.810,1.32937,1.32966,1.13,1.50
2011.05.12 04:01:55.920,1.32937,1.32963,1.13,1.50
2011.05.12 04:01:57.728,1.32937,1.32964,1.13,1.50
2011.05.12 04:01:59.160,1.32934,1.32961,1.50,1.50
2011.05.12 04:01:59.710,1.32932,1.3296,1.50,1.50
2011.05.12 04:02:00.489,1.3293,1.3296,1.88,1.50
2011.05.12 04:02:01.048,1.3293,1.3296,1.88,1.50
2011.05.12 04:02:02.959,1.3293,1.32962,1.88,1.50
2011.05.12 04:02:03.554,1.3293,1.32962,1.88,1.50
2011.05.12 04:02:03.889,1.3293,1.3296,1.88,1.50
2011.05.12 04:02:07.709,1.32928,1.32959,1.13,1.50
2011.05.12 04:02:08.808,1.32922,1.32951,1.13,1.50
2011.05.12 04:02:09.609,1.32922,1.32948,1.13,1.50
2011.05.12 04:02:10.621,1.32916,1.32946,1.13,1.50
2011.05.12 04:02:10.949,1.32916,1.32945,1.13,1.50
2011.05.12 04:02:11.388,1.32916,1.32945,1.13,1.50
2011.05.12 04:02:12.199,1.32916,1.32947,1.13,1.50
2011.05.12 04:02:12.968,1.32916,1.32949,1.13,1.88
2011.05.12 04:02:13.860,1.3292,1.3295,1.13,1.50
2011.05.12 04:02:14.189,1.32926,1.32951,1.13,2.25
2011.05.12 04:02:14.519,1.32926,1.32951,1.13,1.50
2011.05.12 04:02:14.630,1.32922,1.32947,1.88,1.50
2011.05.12 04:02:14.849,1.32921,1.32949,1.50,1.50
2011.05.12 04:02:15.989,1.3292,1.32947,1.13,1.50
2011.05.12 04:02:17.659,1.32917,1.32946,1.50,1.50
2011.05.12 04:02:17.878,1.32917,1.32949,1.13,1.50
2011.05.12 04:02:18.538,1.32917,1.32947,1.13,1.50
2011.05.12 04:02:18.758,1.32917,1.32947,1.13,1.50
2011.05.12 04:02:19.090,1.32922,1.3295,1.88,1.50
2011.05.12 04:02:19.309,1.32926,1.32951,1.13,1.50
2011.05.12 04:02:19.768,1.32926,1.32954,1.13,2.25
2011.05.12 04:02:20.099,1.32921,1.3295,2.25,1.50
2011.05.12 04:02:20.210,1.32921,1.32951,1.13,1.50
2011.05.12 04:02:20.538,1.32921,1.32949,1.13,1.50
2011.05.12 04:02:20.758,1.32921,1.32947,1.13,1.50
2011.05.12 04:02:22.519,1.32925,1.32952,1.13,1.50
2011.05.12 04:02:25.448,1.32926,1.32951,1.13,1.50
2011.05.12 04:02:26.193,1.32932,1.3296,1.13,1.50
2011.05.12 04:02:26.641,1.32935,1.32966,1.50,1.50
2011.05.12 04:02:27.420,1.32944,1.32973,1.13,1.54
2011.05.12 04:02:27.530,1.32944,1.32972,1.13,1.50
2011.05.12 04:02:28.079,1.32944,1.32974,1.88,1.54
2011.05.12 04:02:28.408,1.32944,1.32974,1.13,1.50
2011.05.12 04:02:28.849,1.32945,1.32974,1.13,1.50
2011.05.12 04:02:28.959,1.32945,1.32972,1.13,1.50
2011.05.12 04:02:29.180,1.32945,1.32972,1.13,1.50
2011.05.12 04:02:29.289,1.32943,1.32968,1.13,1.50
2011.05.12 04:02:29.399,1.32942,1.32968,1.50,1.50
2011.05.12 04:02:29.730,1.32936,1.32963,1.13,1.50
2011.05.12 04:02:30.948,1.32936,1.32962,1.13,1.50
2011.05.12 04:02:32.019,1.32936,1.32967,1.50,1.50
2011.05.12 04:02:32.600,1.32944,1.3297,1.13,2.25
2011.05.12 04:02:33.411,1.32936,1.32965,1.13,1.50
2011.05.12 04:02:33.520,1.32936,1.32965,1.13,1.50
2011.05.12 04:02:34.069,1.32936,1.32966,1.13,1.50
2011.05.12 04:02:35.499,1.32936,1.32966,1.13,1.50
2011.05.12 04:02:35.719,1.32934,1.32962,1.50,1.50
2011.05.12 04:02:35.939,1.32934,1.32962,1.50,1.50
2011.05.12 04:02:36.488,1.32929,1.3296,1.84,1.50
2011.05.12 04:02:36.709,1.32929,1.32958,1.13,1.50
2011.05.12 04:02:36.819,1.32929,1.32958,1.13,1.50
2011.05.12 04:02:37.368,1.3293,1.32962,1.50,1.50
2011.05.12 04:02:38.080,1.32933,1.32964,1.50,1.88
2011.05.12 04:02:38.409,1.32944,1.32971,1.13,2.25
2011.05.12 04:02:38.630,1.32944,1.32974,1.13,2.25
2011.05.12 04:02:39.178,1.32944,1.32971,1.13,1.50
2011.05.12 04:02:41.637,1.32936,1.32966,1.47,1.50
2011.05.12 04:02:42.193,1.32936,1.32966,1.13,1.50
2011.05.12 04:02:42.640,1.32936,1.32965,1.50,1.50
2011.05.12 04:02:42.969,1.3294,1.32969,1.13,1.50
2011.05.12 04:02:43.532,1.32939,1.32969,1.88,1.50
2011.05.12 04:02:44.040,1.3294,1.32969,1.13,1.50
2011.05.12 04:02:44.608,1.32942,1.32969,1.13,1.50
2011.05.12 04:02:44.718,1.3294,1.32969,1.13,1.50
2011.05.12 04:02:45.049,1.3294,1.32968,1.50,1.13
2011.05.12 04:02:45.380,1.32939,1.32968,1.50,1.50
2011.05.12 04:02:45.928,1.32938,1.32966,1.88,1.13
2011.05.12 04:02:46.039,1.32936,1.32961,1.88,1.50
2011.05.12 04:02:46.260,1.32931,1.32959,1.13,1.13
2011.05.12 04:02:46.368,1.32931,1.32959,1.13,1.13
2011.05.12 04:02:46.702,1.32927,1.32955,2.25,1.13
2011.05.12 04:02:46.930,1.32931,1.32955,1.13,1.13
2011.05.12 04:02:47.478,1.32931,1.32959,1.13,1.09
2011.05.12 04:02:47.698,1.32933,1.32959,1.50,1.09
2011.05.12 04:02:49.758,1.32932,1.32961,1.13,1.13
2011.05.12 04:02:50.950,1.32935,1.32961,1.13,1.13
2011.05.12 04:02:51.280,1.32941,1.32964,1.13,1.13
2011.05.12 04:02:51.609,1.32945,1.32971,1.50,1.13
2011.05.12 04:02:51.719,1.32945,1.32971,1.50,1.50
2011.05.12 04:02:53.420,1.32942,1.32968,1.13,1.13
2011.05.12 04:02:53.640,1.32935,1.32965,1.88,1.13
2011.05.12 04:02:53.860,1.32937,1.32961,1.13,1.13
2011.05.12 04:02:54.079,1.32937,1.32963,1.13,1.13
2011.05.12 04:02:54.299,1.32939,1.32963,1.50,1.13
2011.05.12 04:02:54.518,1.32939,1.32967,1.50,1.88
2011.05.12 04:02:54.739,1.32939,1.32967,1.50,1.88
2011.05.12 04:02:55.070,1.32941,1.32967,1.13,1.88
2011.05.12 04:02:55.179,1.32944,1.32967,1.50,1.50
2011.05.12 04:02:55.509,1.32944,1.3297,1.50,1.13
2011.05.12 04:02:55.949,1.32947,1.3297,1.50,1.88
2011.05.12 04:02:56.710,1.32947,1.3297,1.50,1.13
2011.05.12 04:02:56.828,1.32949,1.32974,1.13,1.50
2011.05.12 04:02:58.839,1.32949,1.32974,1.13,1.50
2011.05.12 04:02:59.399,1.32948,1.32974,1.13,1.50
2011.05.12 04:03:03.119,1.32945,1.32971,1.13,1.13
2011.05.12 04:03:04.020,1.32944,1.3297,1.50,1.13
2011.05.12 04:03:04.459,1.32942,1.32966,1.13,1.13
2011.05.12 04:03:04.790,1.32942,1.32966,1.13,1.13
2011.05.12 04:03:04.900,1.3294,1.32966,1.13,1.13
2011.05.12 04:03:05.452,1.32937,1.32959,2.63,1.13
2011.05.12 04:03:05.681,1.32938,1.32962,2.85,1.13
2011.05.12 04:03:05.899,1.3294,1.32963,1.50,1.13
2011.05.12 04:03:06.118,1.3294,1.32963,1.50,1.13
2011.05.12 04:03:06.685,1.32941,1.32966,1.50,1.02
2011.05.12 04:03:06.801,1.32941,1.32966,1.50,1.02
2011.05.12 04:03:06.913,1.32936,1.32964,1.13,1.35
2011.05.12 04:03:07.471,1.32937,1.32963,1.50,1.13
2011.05.12 04:03:07.690,1.32942,1.32967,1.13,1.32
2011.05.12 04:03:08.019,1.32942,1.32969,2.25,1.24
2011.05.12 04:03:08.569,1.32947,1.32968,1.13,1.28
2011.05.12 04:03:09.830,1.32945,1.32968,1.13,1.28
2011.05.12 04:03:10.424,1.32946,1.32969,1.13,1.24
2011.05.12 04:03:10.999,1.32944,1.32968,1.50,1.28
2011.05.12 04:03:11.989,1.32941,1.32967,1.13,1.28
2011.05.12 04:03:14.558,1.32941,1.32967,1.88,1.28
2011.05.12 04:03:14.779,1.32941,1.32967,1.88,1.28
2011.05.12 04:03:15.969,1.32938,1.32965,1.88,1.28
2011.05.12 04:03:16.080,1.32936,1.32962,1.50,1.65
2011.05.12 04:03:16.190,1.32935,1.32956,2.25,1.50
2011.05.12 04:03:16.299,1.32929,1.32953,1.50,1.13
2011.05.12 04:03:16.519,1.32927,1.32953,1.50,1.13
2011.05.12 04:03:17.068,1.32927,1.32952,1.50,1.13
2011.05.12 04:03:17.288,1.32927,1.32952,1.50,1.13
2011.05.12 04:03:17.890,1.32926,1.32952,1.50,1.13
2011.05.12 04:03:18.960,1.32925,1.32952,2.63,1.13
2011.05.12 04:03:26.113,1.32926,1.32951,1.50,1.13
2011.05.12 04:03:26.450,1.32927,1.32955,1.50,1.28
2011.05.12 04:03:26.999,1.3293,1.32955,1.88,1.28
2011.05.12 04:03:27.769,1.32931,1.32959,1.13,1.13
2011.05.12 04:03:35.818,1.3293,1.32959,1.50,1.13
2011.05.12 04:03:36.999,1.32933,1.32959,1.73,1.13
2011.05.12 04:03:37.110,1.32935,1.3296,2.63,1.13
2011.05.12 04:03:37.220,1.32936,1.3296,1.88,1.13
2011.05.12 04:03:37.769,1.32936,1.32965,1.88,1.13
2011.05.12 04:03:37.998,1.32938,1.32965,1.50,1.13
2011.05.12 04:03:38.328,1.32936,1.32965,2.63,1.13
2011.05.12 04:03:45.300,1.3294,1.32964,1.50,1.13
2011.05.12 04:03:45.850,1.32938,1.3296,1.50,1.13
2011.05.12 04:03:45.961,1.32937,1.32963,1.50,1.50
2011.05.12 04:03:46.069,1.32936,1.32961,1.50,1.13
2011.05.12 04:03:46.398,1.32927,1.32955,3.75,1.13
2011.05.12 04:03:46.622,1.32927,1.32955,1.50,1.88
2011.05.12 04:03:47.609,1.32926,1.32952,2.25,1.13
2011.05.12 04:03:49.703,1.32926,1.32949,1.50,1.13
2011.05.12 04:03:49.826,1.32926,1.3295,1.50,1.13
2011.05.12 04:03:50.271,1.32922,1.3295,2.25,1.13
2011.05.12 04:03:50.381,1.32922,1.3295,1.50,1.13
2011.05.12 04:03:50.929,1.32926,1.3295,1.50,1.13
2011.05.12 04:03:51.648,1.32926,1.3295,2.25,1.13
2011.05.12 04:03:51.759,1.32926,1.3295,2.25,1.13
2011.05.12 04:03:51.979,1.32927,1.32951,1.50,1.13
2011.05.12 04:03:52.440,1.32927,1.32954,1.50,1.13
2011.05.12 04:03:52.989,1.32929,1.32955,1.50,1.13
2011.05.12 04:03:53.608,1.32929,1.32955,2.25,1.13
2011.05.12 04:03:54.648,1.32927,1.32956,2.25,1.13
2011.05.12 04:03:59.949,1.32926,1.32958,2.25,1.50
2011.05.12 04:04:01.220,1.32931,1.32959,1.88,1.09
2011.05.12 04:04:01.551,1.32937,1.32959,1.50,1.47
2011.05.12 04:04:01.770,1.32928,1.32958,1.50,1.88
2011.05.12 04:04:07.510,1.32927,1.32958,2.25,1.88
2011.05.12 04:04:20.000,1.32924,1.32954,1.50,1.50
2011.05.12 04:04:20.114,1.32923,1.32949,1.13,1.09
2011.05.12 04:04:20.342,1.3292,1.32945,1.13,1.50
2011.05.12 04:04:20.462,1.32919,1.32941,1.13,1.50
2011.05.12 04:04:20.689,1.32909,1.32941,1.50,1.88
2011.05.12 04:04:22.421,1.32911,1.32942,1.50,1.13
2011.05.12 04:04:23.082,1.32911,1.32942,1.50,1.13
2011.05.12 04:04:23.900,1.32915,1.32942,1.50,1.13
2011.05.12 04:04:24.009,1.32915,1.3294,1.50,1.13
2011.05.12 04:04:24.339,1.32909,1.32933,1.50,1.09
2011.05.12 04:04:24.888,1.32909,1.32933,1.50,1.09
2011.05.12 04:04:25.439,1.32905,1.32934,1.50,1.09
2011.05.12 04:04:25.989,1.32908,1.32933,1.50,1.09
2011.05.12 04:04:26.099,1.32908,1.32936,1.50,3.34
2011.05.12 04:04:26.430,1.32904,1.32933,2.25,1.09
2011.05.12 04:04:26.959,1.32914,1.32938,1.13,1.50
2011.05.12 04:04:27.292,1.32914,1.32942,1.13,1.50
2011.05.12 04:04:27.729,1.32914,1.32942,1.13,1.50
2011.05.12 04:04:28.849,1.32913,1.32942,1.13,1.50
2011.05.12 04:04:29.289,1.32915,1.32943,1.13,1.84
2011.05.12 04:04:29.620,1.32916,1.32943,1.50,1.13
2011.05.12 04:04:29.949,1.32913,1.32942,1.50,1.47
2011.05.12 04:04:30.061,1.32913,1.32941,1.88,1.50
2011.05.12 04:04:30.280,1.32917,1.32943,1.50,1.09
2011.05.12 04:04:30.611,1.32918,1.32948,1.50,1.50
2011.05.12 04:04:30.720,1.32921,1.32951,1.13,1.84
2011.05.12 04:04:31.268,1.32922,1.32951,1.50,1.09
2011.05.12 04:04:32.559,1.32919,1.32949,1.13,1.50
2011.05.12 04:04:33.769,1.32924,1.32952,1.13,1.84
2011.05.12 04:04:34.998,1.32924,1.32952,1.13,1.84
2011.05.12 04:04:45.439,1.32922,1.32949,1.50,1.13
2011.05.12 04:04:45.549,1.32919,1.32948,1.13,1.50
2011.05.12 04:04:45.660,1.32917,1.32948,2.25,1.50
2011.05.12 04:04:45.769,1.32919,1.32952,1.13,1.92
2011.05.12 04:04:46.538,1.32919,1.32952,1.13,2.25
2011.05.12 04:04:57.828,1.32919,1.32952,1.88,2.25
2011.05.12 04:04:57.941,1.32919,1.32949,1.50,1.88
2011.05.12 04:04:58.489,1.32916,1.32949,1.13,1.13
2011.05.12 04:05:06.879,1.3292,1.3295,1.50,1.13
2011.05.12 04:05:06.989,1.32923,1.32952,1.13,1.55
2011.05.12 04:05:07.428,1.32923,1.32952,1.13,1.50
2011.05.12 04:05:09.082,1.32923,1.32952,1.13,1.50
2011.05.12 04:05:09.732,1.32923,1.32952,1.13,1.50
2011.05.12 04:05:13.042,1.32919,1.32952,1.13,1.50
2011.05.12 04:05:15.739,1.32919,1.3295,1.13,1.50
2011.05.12 04:05:17.418,1.32917,1.32949,3.75,1.50
2011.05.12 04:05:17.750,1.32917,1.32939,2.25,1.13
2011.05.12 04:05:17.862,1.32915,1.32938,1.50,1.09
2011.05.12 04:05:18.091,1.32907,1.32934,1.50,1.13
2011.05.12 04:05:18.200,1.32906,1.32934,1.50,1.88
2011.05.12 04:05:18.309,1.32906,1.32932,1.50,1.13
2011.05.12 04:05:18.748,1.32906,1.32934,1.50,1.50
2011.05.12 04:05:20.765,1.32909,1.32934,1.13,1.50
2011.05.12 04:05:20.990,1.32909,1.32937,1.13,1.13
2011.05.12 04:05:21.099,1.32909,1.32937,1.13,1.13
2011.05.12 04:05:21.322,1.32916,1.32943,1.13,1.13
2011.05.12 04:05:23.499,1.32913,1.32942,1.88,1.13
2011.05.12 04:05:26.137,1.3291,1.32938,2.25,1.50
2011.05.12 04:05:26.693,1.3291,1.32939,2.25,1.50
2011.05.12 04:05:34.151,1.32912,1.32938,1.50,1.13
2011.05.12 04:05:34.823,1.32912,1.32938,1.50,1.13
2011.05.12 04:05:38.360,1.32913,1.32939,1.50,1.13
2011.05.12 04:05:39.849,1.32912,1.32938,1.50,1.13
2011.05.12 04:05:40.239,1.32912,1.32938,1.50,1.13
2011.05.12 04:05:40.793,1.32912,1.32938,1.50,1.13
2011.05.12 04:05:47.431,1.32913,1.32944,1.50,1.13
2011.05.12 04:05:47.539,1.32914,1.32944,1.50,1.13
2011.05.12 04:05:48.054,1.32914,1.32943,1.50,1.13
2011.05.12 04:05:55.129,1.32918,1.32942,1.50,1.13
2011.05.12 04:05:55.679,1.32918,1.32944,1.50,1.13
2011.05.12 04:05:56.009,1.32918,1.32944,1.50,1.13
2011.05.12 04:05:59.260,1.32917,1.32944,1.50,1.13
2011.05.12 04:05:59.480,1.32914,1.32941,1.50,1.50
2011.05.12 04:05:59.699,1.32911,1.32941,1.50,1.50
2011.05.12 04:06:00.638,1.32911,1.32941,1.50,1.50
2011.05.12 04:06:00.969,1.32911,1.32941,1.50,1.88
2011.05.12 04:06:03.121,1.32904,1.32936,2.25,1.88
2011.05.12 04:06:04.024,1.32904,1.32936,1.50,1.13
2011.05.12 04:06:06.132,1.32901,1.32929,2.25,1.13
2011.05.12 04:06:06.351,1.32897,1.32925,1.50,1.13
2011.05.12 04:06:06.679,1.32896,1.32925,1.50,1.13
2011.05.12 04:06:06.959,1.32896,1.32925,1.50,1.13
2011.05.12 04:06:07.511,1.32895,1.32925,1.50,1.13
2011.05.12 04:06:08.022,1.32895,1.32925,1.50,1.13
2011.05.12 04:06:11.909,1.32895,1.32925,1.13,1.50
2011.05.12 04:06:12.790,1.32892,1.32922,2.63,1.50
2011.05.12 04:06:18.489,1.32891,1.3292,1.50,1.50
2011.05.12 04:06:18.601,1.32891,1.32918,1.13,1.50
2011.05.12 04:06:18.710,1.32887,1.32916,3.75,1.50
2011.05.12 04:06:18.820,1.32887,1.32916,1.13,1.50
2011.05.12 04:06:19.149,1.32887,1.32918,1.13,2.25
2011.05.12 04:06:19.479,1.32887,1.32916,1.13,1.50
2011.05.12 04:06:20.139,1.32887,1.32917,1.13,1.50
2011.05.12 04:06:20.469,1.32887,1.32917,1.13,1.50
2011.05.12 04:06:25.178,1.32885,1.32915,1.47,1.50
2011.05.12 04:06:33.409,1.32885,1.32912,1.47,1.13
2011.05.12 04:06:33.959,1.32887,1.32915,1.13,1.13
2011.05.12 04:06:36.968,1.32887,1.32915,1.88,1.13
2011.05.12 04:06:37.079,1.32891,1.32915,1.13,1.13
2011.05.12 04:06:37.628,1.32891,1.32917,1.13,1.50
2011.05.12 04:06:37.738,1.32891,1.32917,1.13,1.50
2011.05.12 04:06:38.929,1.32893,1.32917,1.13,1.13
2011.05.12 04:06:39.849,1.32893,1.32917,1.13,1.88
2011.05.12 04:06:39.961,1.32889,1.32917,1.88,1.88
2011.05.12 04:06:40.180,1.32893,1.32917,1.13,1.50
2011.05.12 04:06:40.398,1.32893,1.32917,1.13,1.13
2011.05.12 04:06:43.709,1.32897,1.32917,1.13,1.13
2011.05.12 04:06:43.820,1.32897,1.32918,1.13,1.13
2011.05.12 04:06:43.929,1.32897,1.32918,1.13,1.13
2011.05.12 04:06:45.551,1.32901,1.32918,1.13,1.13
2011.05.12 04:06:45.771,1.32901,1.32917,1.13,1.13
2011.05.12 04:06:46.320,1.32902,1.32917,1.50,1.13
2011.05.12 04:06:46.541,1.32902,1.32918,1.50,1.13
2011.05.12 04:06:46.649,1.32905,1.32918,1.13,1.13
2011.05.12 04:06:47.359,1.32905,1.32929,1.13,1.13
2011.05.12 04:06:47.689,1.32902,1.32927,1.13,1.50
2011.05.12 04:06:48.168,1.32902,1.32927,1.13,1.50
2011.05.12 04:06:48.760,1.32904,1.32929,1.50,1.13
2011.05.12 04:06:55.361,1.32905,1.32931,1.50,1.13
2011.05.12 04:06:55.689,1.3291,1.32931,1.13,1.13
2011.05.12 04:06:56.019,1.3291,1.32931,1.13,1.13
2011.05.12 04:06:56.458,1.32909,1.32931,1.13,1.13
2011.05.12 04:06:57.289,1.32909,1.32931,1.13,1.13
2011.05.12 04:06:57.618,1.32909,1.32935,1.13,1.13
2011.05.12 04:06:59.220,1.32907,1.32932,1.13,1.13
2011.05.12 04:06:59.439,1.32907,1.32931,1.13,1.13
2011.05.12 04:06:59.768,1.32906,1.32931,1.13,1.13
2011.05.12 04:07:00.549,1.32907,1.32931,1.13,1.13
2011.05.12 04:07:01.659,1.32907,1.32931,1.13,1.13
2011.05.12 04:07:02.218,1.32907,1.32931,1.13,1.13
2011.05.12 04:07:02.929,1.32909,1.32931,1.13,1.13
2011.05.12 04:07:03.592,1.32911,1.32934,1.13,1.13
2011.05.12 04:07:04.200,1.32909,1.32931,1.13,1.13
2011.05.12 04:07:04.775,1.32909,1.32931,1.13,1.13
2011.05.12 04:07:04.893,1.32902,1.32929,1.13,1.13
2011.05.12 04:07:05.879,1.32902,1.32929,1.88,1.13
2011.05.12 04:07:06.212,1.32903,1.32929,1.50,1.13
2011.05.12 04:07:06.318,1.32903,1.32929,2.25,1.13
2011.05.12 04:07:07.060,1.32903,1.32929,1.50,1.13
2011.05.12 04:07:07.169,1.32902,1.32929,1.13,1.13
2011.05.12 04:07:07.719,1.32898,1.32926,2.63,1.13
2011.05.12 04:07:13.203,1.32898,1.32926,2.63,1.13
2011.05.12 04:07:13.769,1.32898,1.32925,1.50,1.13
2011.05.12 04:07:13.989,1.32898,1.32925,1.50,1.13
2011.05.12 04:07:14.538,1.32897,1.32925,2.25,1.13
2011.05.12 04:07:29.219,1.32899,1.32924,1.13,1.13
2011.05.12 04:07:31.978,1.32897,1.32921,1.13,1.13
2011.05.12 04:07:34.380,1.32897,1.32924,2.63,1.50
2011.05.12 04:07:35.458,1.32897,1.3292,3.38,1.13
2011.05.12 04:07:36.029,1.32897,1.3292,1.88,1.13
2011.05.12 04:07:37.820,1.32898,1.32918,1.13,1.13
2011.05.12 04:07:38.371,1.32895,1.32916,1.13,1.13
2011.05.12 04:07:38.480,1.32892,1.32919,1.13,1.50
2011.05.12 04:07:38.699,1.32894,1.32919,1.13,1.50
2011.05.12 04:07:39.359,1.32894,1.3292,1.88,1.13
2011.05.12 04:07:41.252,1.32894,1.32917,1.88,1.13
2011.05.12 04:07:41.600,1.32889,1.32914,1.88,2.63
2011.05.12 04:07:42.150,1.3289,1.32909,1.50,1.13
2011.05.12 04:07:42.481,1.3289,1.32911,1.50,1.13
2011.05.12 04:07:43.669,1.32889,1.32909,1.50,1.13
2011.05.12 04:07:44.109,1.32889,1.32909,1.50,1.13
2011.05.12 04:07:44.263,1.32887,1.32909,1.88,1.13
2011.05.12 04:07:45.530,1.32889,1.32909,1.13,1.13
2011.05.12 04:07:45.969,1.32889,1.32909,1.13,1.13
2011.05.12 04:07:46.519,1.32889,1.3291,1.13,1.50
2011.05.12 04:07:47.552,1.32888,1.3291,1.13,1.13
2011.05.12 04:07:51.611,1.32889,1.32912,1.13,1.13
2011.05.12 04:07:51.721,1.32889,1.32912,2.63,1.13
2011.05.12 04:07:52.192,1.3289,1.32911,1.13,1.13
2011.05.12 04:07:53.289,1.32889,1.32911,1.13,1.13
2011.05.12 04:07:54.143,1.32891,1.32912,1.13,1.13
2011.05.12 04:07:55.200,1.32892,1.32911,1.13,1.13
2011.05.12 04:07:55.529,1.32892,1.32911,1.88,1.13
2011.05.12 04:07:55.748,1.32892,1.32911,1.13,1.13
2011.05.12 04:07:56.689,1.32891,1.32911,1.13,1.13
2011.05.12 04:07:59.399,1.3289,1.32911,1.88,1.13
2011.05.12 04:07:59.510,1.3289,1.32913,2.63,1.13
2011.05.12 04:08:00.203,1.3289,1.32915,2.63,1.13
2011.05.12 04:08:00.882,1.3289,1.32915,1.88,1.13
2011.05.12 04:08:05.159,1.3289,1.32915,1.88,1.13
2011.05.12 04:08:05.399,1.3289,1.32915,1.88,1.13
2011.05.12 04:08:06.999,1.3289,1.32915,1.13,1.13
2011.05.12 04:08:07.439,1.3289,1.32915,1.88,1.13
2011.05.12 04:08:08.038,1.3289,1.32915,1.13,1.13
2011.05.12 04:08:08.607,1.3289,1.32915,1.13,1.13
2011.05.12 04:08:09.819,1.3289,1.32915,1.50,1.13
2011.05.12 04:08:10.701,1.32897,1.32916,1.13,1.13
2011.05.12 04:08:11.224,1.32898,1.32926,1.50,1.13
2011.05.12 04:08:11.338,1.32897,1.32923,1.88,1.50
2011.05.12 04:08:11.890,1.32897,1.32919,1.88,1.13
2011.05.12 04:08:12.000,1.32898,1.32919,1.50,1.13
2011.05.12 04:08:18.830,1.32901,1.32929,1.50,1.13
2011.05.12 04:08:18.940,1.32901,1.32931,1.50,3.00
2011.05.12 04:08:21.729,1.329,1.32926,1.50,1.50
2011.05.12 04:08:22.059,1.32901,1.32932,1.50,2.71
2011.05.12 04:08:22.169,1.32901,1.3293,1.50,1.50
2011.05.12 04:08:23.289,1.32901,1.32928,1.50,1.50
2011.05.12 04:08:25.328,1.32901,1.32931,1.50,1.50
2011.05.12 04:08:26.121,1.32897,1.32926,2.63,1.50
2011.05.12 04:08:26.450,1.32897,1.32927,2.25,1.13
2011.05.12 04:08:26.998,1.32897,1.32927,3.75,1.13
2011.05.12 04:08:27.351,1.32898,1.32928,2.25,1.50
2011.05.12 04:08:27.683,1.329,1.3293,1.50,1.13
2011.05.12 04:08:28.020,1.32901,1.32931,1.50,1.13
2011.05.12 04:08:29.389,1.32904,1.32932,1.50,1.54
2011.05.12 04:08:29.949,1.32905,1.32933,1.50,1.17
2011.05.12 04:08:30.533,1.32905,1.32932,1.50,1.17
2011.05.12 04:08:30.900,1.32906,1.32938,2.25,1.50
2011.05.12 04:08:31.232,1.32907,1.32938,3.60,1.13
2011.05.12 04:08:31.345,1.32911,1.32939,2.25,1.13
2011.05.12 04:08:32.089,1.32912,1.32942,2.25,1.17
2011.05.12 04:08:32.431,1.32915,1.32944,1.50,1.54
2011.05.12 04:08:33.581,1.32915,1.32945,2.25,1.09
2011.05.12 04:08:33.800,1.32915,1.32945,2.25,1.84
2011.05.12 04:08:35.400,1.32915,1.32945,1.88,1.84
2011.05.12 04:08:35.949,1.32912,1.32939,2.25,1.13
2011.05.12 04:08:36.170,1.32914,1.32939,1.50,1.13
2011.05.12 04:08:36.389,1.32912,1.32939,2.25,1.13
2011.05.12 04:08:37.160,1.32914,1.32944,1.50,1.50
2011.05.12 04:08:37.491,1.32915,1.32947,1.13,1.88
2011.05.12 04:08:37.605,1.32918,1.32947,1.50,1.13
2011.05.12 04:08:38.161,1.3292,1.3295,1.50,1.50
2011.05.12 04:08:38.790,1.3292,1.3295,2.25,1.50
2011.05.12 04:08:39.590,1.32921,1.3295,1.50,1.50
2011.05.12 04:08:39.809,1.3292,1.3295,1.50,1.50
2011.05.12 04:08:41.020,1.3292,1.3295,1.50,1.50
2011.05.12 04:08:41.242,1.3292,1.32944,1.50,1.50
2011.05.12 04:08:41.581,1.32913,1.32941,1.50,1.88
2011.05.12 04:08:41.800,1.32913,1.32941,1.50,1.13
2011.05.12 04:08:43.499,1.32913,1.32941,1.50,1.13
2011.05.12 04:08:44.139,1.32916,1.32946,2.25,1.50
2011.05.12 04:08:44.359,1.32917,1.32946,2.25,1.50
2011.05.12 04:08:45.760,1.32917,1.32946,2.25,1.50
2011.05.12 04:08:45.979,1.32917,1.32946,2.25,1.50
2011.05.12 04:08:51.790,1.32918,1.32949,1.50,1.88
2011.05.12 04:08:55.529,1.32918,1.32949,1.50,1.88
2011.05.12 04:08:57.620,1.32918,1.32949,1.50,1.50
2011.05.12 04:08:59.849,1.32919,1.32949,1.50,1.50
2011.05.12 04:09:06.459,1.32917,1.32948,2.25,1.50
2011.05.12 04:09:07.152,1.32917,1.32948,3.00,1.50
2011.05.12 04:09:08.229,1.32917,1.32947,3.00,1.50
2011.05.12 04:09:08.780,1.32913,1.32945,2.25,1.88
2011.05.12 04:09:09.220,1.32912,1.32938,1.50,1.13
2011.05.12 04:09:09.549,1.32912,1.32938,1.50,1.13
2011.05.12 04:09:10.099,1.32909,1.32938,2.25,1.13
2011.05.12 04:09:11.899,1.32908,1.32938,1.50,1.13
2011.05.12 04:09:12.659,1.32912,1.32938,1.50,1.13
2011.05.12 04:09:12.990,1.32916,1.32946,1.50,3.00
2011.05.12 04:09:13.102,1.32921,1.32946,1.50,1.50
2011.05.12 04:09:13.922,1.3292,1.3295,1.50,1.84
2011.05.12 04:09:14.480,1.32924,1.3295,1.50,1.50
2011.05.12 04:09:15.809,1.32923,1.3295,1.50,1.50
2011.05.12 04:09:16.358,1.32919,1.32946,1.50,2.25
2011.05.12 04:09:16.930,1.32919,1.32944,1.50,1.50
2011.05.12 04:09:17.149,1.32917,1.32941,1.50,1.13
2011.05.12 04:09:17.259,1.32916,1.32941,2.25,1.13
2011.05.12 04:09:21.861,1.32917,1.32946,1.50,1.13
2011.05.12 04:09:22.082,1.32926,1.32952,1.50,1.50
2011.05.12 04:09:22.414,1.32926,1.32952,1.50,1.17
2011.05.12 04:09:23.079,1.32926,1.32952,1.50,1.17
2011.05.12 04:09:23.411,1.32926,1.32954,2.25,2.67
2011.05.12 04:09:27.880,1.32927,1.32952,1.50,1.92
2011.05.12 04:09:27.992,1.32927,1.3295,1.50,1.50
2011.05.12 04:09:28.549,1.32926,1.32951,1.50,1.50
2011.05.12 04:09:29.099,1.32926,1.3295,1.50,1.13
2011.05.12 04:09:29.430,1.32926,1.3295,1.50,1.17
2011.05.12 04:09:29.760,1.32929,1.3295,1.50,1.13
2011.05.12 04:09:29.979,1.32929,1.32951,1.50,1.88
2011.05.12 04:09:30.750,1.32929,1.3295,1.50,1.13
2011.05.12 04:09:31.080,1.32929,1.32952,1.50,1.92
2011.05.12 04:09:33.724,1.32929,1.32952,1.50,1.88
2011.05.12 04:09:34.938,1.32929,1.3295,1.50,1.50
2011.05.12 04:09:35.629,1.32929,1.32948,1.50,1.50
2011.05.12 04:09:37.672,1.32929,1.32949,1.50,1.50
2011.05.12 04:09:39.899,1.32929,1.32952,2.25,1.88
2011.05.12 04:09:40.122,1.3293,1.32952,1.50,1.13
2011.05.12 04:09:40.229,1.3293,1.32952,1.50,1.13
2011.05.12 04:09:40.559,1.32927,1.32952,2.25,1.88
2011.05.12 04:09:40.780,1.32927,1.32952,2.25,1.88
2011.05.12 04:09:42.780,1.32926,1.32949,1.50,1.09
2011.05.12 04:09:42.890,1.32926,1.32949,1.50,1.84
2011.05.12 04:09:43.221,1.32922,1.32947,1.13,1.50
2011.05.12 04:09:43.331,1.32917,1.32944,1.50,1.50
2011.05.12 04:09:43.440,1.32916,1.32944,1.50,1.50
2011.05.12 04:09:43.770,1.32918,1.32948,1.13,1.50
2011.05.12 04:09:44.610,1.32922,1.32949,1.73,1.09
2011.05.12 04:09:44.939,1.32927,1.3295,1.50,1.50
2011.05.12 04:09:45.050,1.32927,1.3295,1.50,1.50
2011.05.12 04:09:45.269,1.32929,1.3295,1.50,1.50
2011.05.12 04:09:45.711,1.32927,1.32951,2.25,1.50
2011.05.12 04:09:45.929,1.32927,1.3295,1.50,1.50
2011.05.12 04:09:47.399,1.32925,1.3295,1.50,1.50
2011.05.12 04:09:49.222,1.32925,1.32947,1.50,1.50
2011.05.12 04:09:49.343,1.32923,1.32946,1.50,1.50
2011.05.12 04:09:49.790,1.32924,1.32947,2.25,1.50
2011.05.12 04:09:53.202,1.32924,1.32947,1.50,1.50
2011.05.12 04:09:53.653,1.32923,1.32948,1.50,1.50
2011.05.12 04:09:53.770,1.32921,1.32948,1.13,1.50
2011.05.12 04:09:53.989,1.32919,1.32949,2.48,1.50
2011.05.12 04:09:54.404,1.32919,1.32949,2.48,1.50
2011.05.12 04:09:55.024,1.32919,1.3295,2.48,1.50
2011.05.12 04:09:56.299,1.32919,1.3295,2.48,1.50
2011.05.12 04:09:57.240,1.32925,1.32955,1.50,1.54
2011.05.12 04:09:57.462,1.32934,1.32957,1.50,1.54
2011.05.12 04:09:57.572,1.32932,1.32957,1.50,1.50
2011.05.12 04:09:57.680,1.32929,1.32959,1.13,1.50
2011.05.12 04:09:57.901,1.3293,1.3296,1.13,1.50
2011.05.12 04:09:58.010,1.3293,1.32962,1.13,1.88
2011.05.12 04:09:58.231,1.3293,1.32962,1.88,2.22
2011.05.12 04:09:58.999,1.3293,1.32962,1.88,1.88
2011.05.12 04:10:01.810,1.3293,1.32955,1.50,1.50
2011.05.12 04:10:02.143,1.32926,1.32955,1.50,1.50
2011.05.12 04:10:02.480,1.3293,1.32959,1.50,1.50
2011.05.12 04:10:02.813,1.32936,1.32959,1.50,1.50
2011.05.12 04:10:03.040,1.32936,1.32964,1.50,1.09
2011.05.12 04:10:03.702,1.32936,1.32964,1.50,1.09
2011.05.12 04:10:03.822,1.32936,1.32964,1.50,1.09
2011.05.12 04:10:04.155,1.32939,1.32969,1.50,1.50
2011.05.12 04:10:04.269,1.3294,1.32969,1.50,1.50
2011.05.12 04:10:06.919,1.32939,1.32969,1.50,1.50
2011.05.12 04:10:09.484,1.3294,1.3297,1.50,1.88
2011.05.12 04:10:12.069,1.3294,1.3297,1.50,1.88
2011.05.12 04:10:13.419,1.3294,1.3297,1.50,1.88
2011.05.12 04:10:16.180,1.3294,1.3297,1.50,1.88
2011.05.12 04:10:16.729,1.3294,1.3297,1.50,1.88
2011.05.12 04:10:20.350,1.3294,1.3297,1.50,1.88
2011.05.12 04:10:25.390,1.32942,1.3297,1.50,1.88
2011.05.12 04:10:25.500,1.32942,1.3297,1.50,1.50
2011.05.12 04:10:25.830,1.32945,1.32974,1.88,1.09
2011.05.12 04:10:26.850,1.32945,1.32974,1.88,1.09
2011.05.12 04:10:27.952,1.32946,1.32974,1.50,1.09
2011.05.12 04:10:28.959,1.32946,1.32974,1.50,1.09
2011.05.12 04:10:31.469,1.32946,1.32974,1.50,1.09
2011.05.12 04:10:35.152,1.3295,1.32974,1.50,1.09
2011.05.12 04:10:35.262,1.32957,1.32983,1.13,3.79
2011.05.12 04:10:35.491,1.32957,1.32985,1.13,1.54
2011.05.12 04:10:35.711,1.3296,1.32988,1.13,1.54
2011.05.12 04:10:36.040,1.32957,1.32987,1.50,1.54
2011.05.12 04:10:37.829,1.32957,1.32987,1.50,1.54
2011.05.12 04:10:38.465,1.32957,1.32987,1.50,1.54
2011.05.12 04:10:39.116,1.32957,1.32987,1.50,1.54
2011.05.12 04:10:40.440,1.32956,1.32983,1.13,1.54
2011.05.12 04:10:41.029,1.32956,1.32983,1.13,1.54
2011.05.12 04:10:41.369,1.32956,1.32983,1.13,1.54
2011.05.12 04:10:41.928,1.32957,1.32983,1.50,1.54
2011.05.12 04:10:45.600,1.32956,1.32983,1.13,1.54
2011.05.12 04:10:46.149,1.32956,1.32984,1.13,1.50
2011.05.12 04:10:46.259,1.32956,1.32983,1.13,1.50
2011.05.12 04:10:47.492,1.32959,1.3299,1.13,1.50
2011.05.12 04:10:47.602,1.3296,1.32992,1.13,1.54
2011.05.12 04:10:47.711,1.32962,1.32992,1.13,1.54
2011.05.12 04:10:47.820,1.32965,1.32992,1.13,1.54
2011.05.12 04:10:48.260,1.32965,1.32995,1.88,1.50
2011.05.12 04:10:49.221,1.32966,1.32992,1.13,1.50
2011.05.12 04:10:51.999,1.32966,1.32992,1.13,1.50
2011.05.12 04:10:52.550,1.32966,1.32992,1.13,1.50
2011.05.12 04:10:56.760,1.32961,1.32992,1.13,1.50
2011.05.12 04:10:57.199,1.32958,1.32989,2.25,1.88
2011.05.12 04:10:57.529,1.3296,1.32989,1.50,1.13
2011.05.12 04:10:58.299,1.32961,1.32989,1.50,1.13
2011.05.12 04:10:58.740,1.32958,1.32988,1.50,1.50
2011.05.12 04:10:58.850,1.32958,1.32988,1.50,1.50
2011.05.12 04:10:59.181,1.32962,1.32994,1.50,1.92
2011.05.12 04:10:59.511,1.32965,1.32994,1.50,1.50
2011.05.12 04:11:01.799,1.32967,1.32994,1.50,1.13
2011.05.12 04:11:02.681,1.32965,1.32995,2.25,1.13
2011.05.12 04:11:03.010,1.32965,1.32995,2.25,1.13
2011.05.12 04:11:03.119,1.32965,1.32995,2.25,1.13
2011.05.12 04:11:03.558,1.32965,1.32995,2.25,1.13
2011.05.12 04:11:04.067,1.32965,1.32995,2.25,1.13
2011.05.12 04:11:04.180,1.32965,1.32995,1.50,1.13
2011.05.12 04:11:10.649,1.32966,1.32995,1.50,1.13
2011.05.12 04:11:11.320,1.32966,1.32993,1.50,1.88
2011.05.12 04:11:11.430,1.32963,1.3299,1.50,1.13
2011.05.12 04:11:11.541,1.32963,1.3299,1.50,1.13
2011.05.12 04:11:11.981,1.32968,1.32993,1.88,3.00
2011.05.12 04:11:12.201,1.32968,1.32995,1.50,1.50
2011.05.12 04:11:12.312,1.32968,1.32997,1.50,1.50
2011.05.12 04:11:12.640,1.32966,1.32997,2.25,1.50
2011.05.12 04:11:13.190,1.32967,1.32998,1.50,1.09
2011.05.12 04:11:13.959,1.32966,1.32996,2.25,1.50
2011.05.12 04:11:14.289,1.32966,1.32994,1.50,1.50
2011.05.12 04:11:14.856,1.32966,1.32994,1.50,1.50
2011.05.12 04:11:15.299,1.32966,1.32992,1.50,1.50
2011.05.12 04:11:15.411,1.32965,1.32993,1.50,1.50
2011.05.12 04:11:15.960,1.32965,1.32993,1.50,1.50
2011.05.12 04:11:16.290,1.32962,1.32993,1.13,1.50
2011.05.12 04:11:16.619,1.32962,1.32993,1.88,1.50
2011.05.12 04:11:16.969,1.32962,1.32991,1.88,1.50
2011.05.12 04:11:17.301,1.32964,1.3299,1.50,1.13
2011.05.12 04:11:17.521,1.32958,1.32987,1.13,1.50
2011.05.12 04:11:17.740,1.32958,1.32986,1.13,1.50
2011.05.12 04:11:17.960,1.32958,1.32984,1.13,1.50
2011.05.12 04:11:18.290,1.32952,1.32982,1.13,1.50
2011.05.12 04:11:18.883,1.32953,1.32982,1.50,1.50
2011.05.12 04:11:19.391,1.32954,1.32984,1.50,1.50
2011.05.12 04:11:23.209,1.32952,1.32984,1.13,1.50
2011.05.12 04:11:23.321,1.32952,1.32982,1.13,1.09
2011.05.12 04:11:26.259,1.32948,1.32978,2.63,1.13
2011.05.12 04:11:26.590,1.32945,1.32973,2.25,1.09
2011.05.12 04:11:26.921,1.32946,1.32973,1.50,1.09
2011.05.12 04:11:28.989,1.32946,1.32973,1.50,1.09
2011.05.12 04:11:29.546,1.32946,1.32973,1.50,1.09
2011.05.12 04:11:30.049,1.32945,1.32973,2.25,1.09
2011.05.12 04:11:31.470,1.32942,1.32971,2.25,1.50
2011.05.12 04:11:31.801,1.3294,1.32964,1.50,1.09
2011.05.12 04:11:32.130,1.32938,1.32963,1.50,1.09
2011.05.12 04:11:32.240,1.32936,1.32963,2.25,1.09
2011.05.12 04:11:32.350,1.32936,1.32963,1.50,1.84
2011.05.12 04:11:32.570,1.32931,1.32959,4.50,1.13
2011.05.12 04:11:32.680,1.32931,1.32959,3.00,1.13
2011.05.12 04:11:33.120,1.32932,1.32959,1.50,1.13
2011.05.12 04:11:33.459,1.32931,1.32959,2.25,1.13
2011.05.12 04:11:34.611,1.32932,1.32959,2.25,1.13
2011.05.12 04:11:35.160,1.32935,1.32963,1.50,2.59
2011.05.12 04:11:35.379,1.32935,1.32963,1.50,1.47
2011.05.12 04:11:37.470,1.32935,1.32965,1.50,1.47
2011.05.12 04:11:37.690,1.3294,1.32966,1.50,1.50
2011.05.12 04:11:38.130,1.32942,1.32972,1.50,1.50
2011.05.12 04:11:38.350,1.32944,1.32973,1.50,1.47
2011.05.12 04:11:38.569,1.32946,1.32973,1.50,1.47
2011.05.12 04:11:39.390,1.32946,1.32973,1.50,1.47
2011.05.12 04:11:39.719,1.32946,1.32973,1.50,1.09
2011.05.12 04:11:40.285,1.32945,1.32973,1.50,1.09
2011.05.12 04:11:43.989,1.32945,1.32973,1.50,1.09
2011.05.12 04:11:45.409,1.32945,1.32974,2.25,1.09
2011.05.12 04:11:45.739,1.32945,1.32973,1.50,1.09
2011.05.12 04:11:45.849,1.32945,1.32973,1.50,1.09
2011.05.12 04:11:47.325,1.32943,1.32973,2.25,1.09
2011.05.12 04:11:47.659,1.32942,1.3297,1.50,1.50
2011.05.12 04:11:47.991,1.32945,1.32973,1.88,2.59
2011.05.12 04:11:48.211,1.32952,1.32978,1.88,1.13
2011.05.12 04:11:48.857,1.32957,1.32985,1.50,1.50
2011.05.12 04:11:49.520,1.32957,1.32985,1.50,1.50
2011.05.12 04:11:51.411,1.32957,1.32985,1.50,1.50
2011.05.12 04:11:53.320,1.32953,1.32982,2.63,1.88
2011.05.12 04:11:53.433,1.32953,1.32982,2.25,1.13
2011.05.12 04:11:53.771,1.32953,1.32982,2.25,1.13
2011.05.12 04:11:54.539,1.32953,1.32979,2.25,1.50
2011.05.12 04:11:54.650,1.32953,1.32978,2.25,1.50
2011.05.12 04:11:54.983,1.32945,1.32973,1.50,1.13
2011.05.12 04:11:55.209,1.32945,1.32973,1.50,1.13
2011.05.12 04:11:56.129,1.32945,1.32973,1.50,1.13
2011.05.12 04:11:56.460,1.32945,1.3297,1.50,1.50
2011.05.12 04:11:56.900,1.32945,1.32973,1.50,1.13
2011.05.12 04:11:57.229,1.32945,1.32973,1.50,1.88
2011.05.12 04:11:57.668,1.32945,1.32973,2.25,1.13
2011.05.12 04:11:59.939,1.32944,1.32973,1.50,1.13
2011.05.12 04:12:00.050,1.32946,1.32973,1.50,1.13
2011.05.12 04:12:00.599,1.32946,1.32973,1.50,1.13
2011.05.12 04:12:06.135,1.32947,1.32974,1.50,1.13
2011.05.12 04:12:12.750,1.32946,1.32974,1.50,1.13
2011.05.12 04:12:13.239,1.32945,1.32974,1.50,1.13
2011.05.12 04:12:13.679,1.32941,1.32974,1.50,1.13
2011.05.12 04:12:14.560,1.32941,1.3297,1.50,1.50
2011.05.12 04:12:15.432,1.32941,1.3297,1.50,1.50
2011.05.12 04:12:15.982,1.32941,1.32972,1.50,1.50
2011.05.12 04:12:16.103,1.32941,1.32972,1.50,1.50
2011.05.12 04:12:16.570,1.32941,1.32971,2.25,1.88
2011.05.12 04:12:16.898,1.32941,1.32971,1.50,1.88
2011.05.12 04:12:17.590,1.3294,1.32971,2.25,1.88
2011.05.12 04:12:19.899,1.32941,1.32971,1.50,1.88
2011.05.12 04:12:22.931,1.32943,1.32974,1.50,2.25
2011.05.12 04:12:23.262,1.3295,1.32977,1.13,1.09
2011.05.12 04:12:23.372,1.32952,1.32977,1.88,1.09
2011.05.12 04:12:23.482,1.32952,1.32983,1.88,1.50
2011.05.12 04:12:23.919,1.32954,1.32984,1.50,1.50
2011.05.12 04:12:24.514,1.32953,1.32983,2.25,1.50
2011.05.12 04:12:24.961,1.32954,1.32984,1.50,1.50
2011.05.12 04:12:25.183,1.32957,1.32987,1.50,1.09
2011.05.12 04:12:25.303,1.3296,1.32986,1.13,1.50
2011.05.12 04:12:25.749,1.32962,1.32987,1.13,1.09
2011.05.12 04:12:28.390,1.32958,1.32986,1.88,1.50
2011.05.12 04:12:30.080,1.32955,1.32983,1.50,1.13
2011.05.12 04:12:30.300,1.32955,1.32983,2.25,1.13
2011.05.12 04:12:32.900,1.32953,1.32983,1.50,1.88
2011.05.12 04:12:33.014,1.32951,1.32978,2.25,1.50
2011.05.12 04:12:33.132,1.32953,1.32978,1.13,1.50
2011.05.12 04:12:33.243,1.3295,1.32978,1.88,1.88
2011.05.12 04:12:33.353,1.3295,1.32976,1.50,1.50
2011.05.12 04:12:33.689,1.32945,1.32976,1.88,1.50
2011.05.12 04:12:33.910,1.32945,1.32976,1.88,1.50
2011.05.12 04:12:34.370,1.32945,1.32976,1.88,1.50
2011.05.12 04:12:35.779,1.32945,1.32976,1.88,1.50
2011.05.12 04:12:37.410,1.32945,1.32974,1.13,1.50
2011.05.12 04:12:38.083,1.32945,1.32973,1.13,1.50
2011.05.12 04:12:38.609,1.32945,1.32973,1.13,1.50
2011.05.12 04:12:40.269,1.32945,1.32973,1.13,1.50
2011.05.12 04:12:42.085,1.32945,1.32973,1.13,1.50
2011.05.12 04:12:42.310,1.32945,1.32973,1.13,1.50
2011.05.12 04:12:42.640,1.32943,1.32971,1.50,1.84
2011.05.12 04:12:42.750,1.32943,1.32969,1.50,1.09
2011.05.12 04:12:49.541,1.32943,1.32969,1.50,1.09
2011.05.12 04:12:49.762,1.32943,1.32968,1.50,1.50
2011.05.12 04:12:50.319,1.3294,1.32968,1.50,1.50
2011.05.12 04:12:54.361,1.3294,1.32968,1.50,1.50
2011.05.12 04:12:54.580,1.3294,1.32968,1.50,1.50
2011.05.12 04:12:54.910,1.3294,1.32968,1.50,1.50
2011.05.12 04:12:58.669,1.3294,1.32969,2.25,1.09
2011.05.12 04:13:00.350,1.32938,1.32967,1.50,1.50
2011.05.12 04:13:00.790,1.32935,1.32965,3.00,1.50
2011.05.12 04:13:01.119,1.32934,1.32962,1.88,1.50
2011.05.12 04:13:01.669,1.32934,1.32962,1.13,1.50
2011.05.12 04:13:01.890,1.32934,1.32962,1.88,1.50
2011.05.12 04:13:02.449,1.32934,1.32962,1.13,1.50
2011.05.12 04:13:06.609,1.32934,1.32962,1.88,1.50
2011.05.12 04:13:07.190,1.32934,1.32962,1.88,1.50
2011.05.12 04:13:08.520,1.32934,1.32962,1.88,1.50
2011.05.12 04:13:08.630,1.32934,1.32962,1.88,1.50
2011.05.12 04:13:09.134,1.32934,1.32962,1.88,1.50
2011.05.12 04:13:12.162,1.32933,1.32962,1.50,1.50
2011.05.12 04:13:12.489,1.32934,1.32962,1.50,1.50
2011.05.12 04:13:12.933,1.32934,1.32962,1.50,1.50
2011.05.12 04:13:13.272,1.32938,1.32966,1.13,1.50
2011.05.12 04:13:13.501,1.32941,1.32967,1.13,1.50
2011.05.12 04:13:13.940,1.32937,1.32967,2.25,2.25
2011.05.12 04:13:14.160,1.32936,1.32967,1.88,1.50
2011.05.12 04:13:17.951,1.32939,1.32969,1.50,2.22
2011.05.12 04:13:18.500,1.32938,1.32968,1.50,1.50
2011.05.12 04:13:19.050,1.32939,1.32969,1.50,2.22
2011.05.12 04:13:20.210,1.32939,1.32969,1.50,2.22
2011.05.12 04:13:20.540,1.32939,1.32969,1.50,1.47
2011.05.12 04:13:20.760,1.3294,1.32969,1.50,1.47
2011.05.12 04:13:21.310,1.3294,1.32969,1.50,1.47
2011.05.12 04:13:22.649,1.3294,1.32969,1.50,1.47
2011.05.12 04:13:25.122,1.32939,1.32969,1.50,1.47
2011.05.12 04:13:25.560,1.32939,1.32969,1.50,2.22
2011.05.12 04:13:26.115,1.32939,1.32969,1.50,1.47
2011.05.12 04:13:27.000,1.32939,1.32969,1.50,1.47
2011.05.12 04:13:33.160,1.32939,1.32969,1.50,1.13
2011.05.12 04:13:33.270,1.32945,1.32972,1.50,2.25
2011.05.12 04:13:33.819,1.32944,1.32972,1.50,1.13
2011.05.12 04:13:51.952,1.32947,1.32977,1.13,1.50
2011.05.12 04:13:52.173,1.32951,1.32982,1.50,1.88
2011.05.12 04:13:52.511,1.32953,1.32985,1.13,3.34
2011.05.12 04:13:52.732,1.32954,1.32983,1.13,1.50
2011.05.12 04:13:59.290,1.32955,1.32985,1.13,1.09
2011.05.12 04:13:59.513,1.32956,1.32985,1.50,1.09
2011.05.12 04:13:59.743,1.32959,1.32985,2.25,1.50
2011.05.12 04:14:00.081,1.32963,1.32991,1.50,2.29
2011.05.12 04:14:00.410,1.32959,1.32984,1.50,1.54
2011.05.12 04:14:00.927,1.32959,1.32984,1.88,1.50
2011.05.12 04:14:01.043,1.32961,1.32987,1.13,1.55
2011.05.12 04:14:01.479,1.32961,1.32984,1.13,1.50
2011.05.12 04:14:02.703,1.32955,1.32977,1.09,1.50
2011.05.12 04:14:02.822,1.32953,1.32977,1.13,1.50
2011.05.12 04:14:03.371,1.32951,1.32977,1.13,1.50
2011.05.12 04:14:03.592,1.32951,1.32977,1.13,1.50
2011.05.12 04:14:04.141,1.32952,1.32975,1.88,1.50
2011.05.12 04:14:04.690,1.32952,1.32975,1.88,1.50
2011.05.12 04:14:05.100,1.32952,1.32975,1.88,1.50
2011.05.12 04:14:05.594,1.32953,1.32976,1.13,1.50
2011.05.12 04:14:06.151,1.32949,1.32973,1.50,1.50
2011.05.12 04:14:06.261,1.32948,1.32978,1.47,1.50
2011.05.12 04:14:06.374,1.32948,1.32981,1.47,1.55
2011.05.12 04:14:06.490,1.32948,1.32981,1.47,1.55
2011.05.12 04:14:06.711,1.32951,1.32981,1.50,1.55
2011.05.12 04:14:07.256,1.32951,1.32981,1.50,1.50
2011.05.12 04:14:07.481,1.32945,1.32972,1.50,1.13
2011.05.12 04:14:07.592,1.32947,1.32971,1.47,1.50
2011.05.12 04:14:08.141,1.32949,1.32972,1.09,1.55
2011.05.12 04:14:10.229,1.32947,1.32972,1.09,1.50
2011.05.12 04:14:10.564,1.32944,1.32972,1.50,1.58
2011.05.12 04:14:10.681,1.32943,1.32968,1.50,1.50
2011.05.12 04:14:11.339,1.3294,1.32968,1.50,1.50
2011.05.12 04:14:37.935,1.3294,1.32968,1.88,1.55
2011.05.12 04:14:41.767,1.32938,1.32964,1.50,1.50
2011.05.12 04:14:41.881,1.32937,1.32964,1.88,1.50
2011.05.12 04:14:42.101,1.32937,1.32966,1.88,1.50
2011.05.12 04:14:42.211,1.32941,1.32968,1.50,1.50
2011.05.12 04:14:42.539,1.32942,1.32968,1.50,1.50
2011.05.12 04:14:43.772,1.32942,1.32968,1.50,1.50
2011.05.12 04:14:43.991,1.32944,1.32971,1.13,1.50
2011.05.12 04:14:44.102,1.32946,1.32974,1.50,1.50
2011.05.12 04:14:44.649,1.32946,1.32975,1.50,1.55
2011.05.12 04:14:45.490,1.32946,1.32973,1.50,1.50
2011.05.12 04:14:48.369,1.32945,1.32977,1.50,1.92
2011.05.12 04:14:49.210,1.32945,1.32977,1.50,1.92
2011.05.12 04:14:49.321,1.3295,1.32981,1.47,1.55
2011.05.12 04:14:49.542,1.3295,1.32983,2.22,1.21
2011.05.12 04:14:49.761,1.32956,1.32987,1.50,1.54
2011.05.12 04:14:49.981,1.32959,1.32991,1.13,2.63
2011.05.12 04:14:50.090,1.32959,1.32991,1.13,1.88
2011.05.12 04:14:50.312,1.32963,1.32993,1.13,1.13
2011.05.12 04:14:50.531,1.32967,1.32996,1.13,1.17
2011.05.12 04:14:50.862,1.32963,1.32989,1.13,1.55
2011.05.12 04:14:51.082,1.32957,1.32982,1.50,1.55
2011.05.12 04:14:51.195,1.32954,1.32982,1.50,1.55
2011.05.12 04:14:51.746,1.3294,1.32968,1.50,1.55
2011.05.12 04:14:52.299,1.32937,1.32967,1.13,1.55
2011.05.12 04:14:53.360,1.32935,1.32966,1.88,1.55
2011.05.12 04:14:54.023,1.32935,1.32965,1.13,1.55
2011.05.12 04:14:56.312,1.32932,1.32965,1.88,1.55
2011.05.12 04:14:57.449,1.32931,1.32964,2.22,1.13
2011.05.12 04:14:57.559,1.32931,1.32964,2.22,1.92
2011.05.12 04:14:58.480,1.32931,1.32964,2.22,1.88
2011.05.12 04:14:58.591,1.32931,1.3296,1.84,1.50
2011.05.12 04:14:59.142,1.3293,1.32962,1.50,1.47
2011.05.12 04:14:59.691,1.32929,1.32962,1.13,2.26
2011.05.12 04:15:00.302,1.32931,1.32961,1.50,1.55
2011.05.12 04:15:01.410,1.32928,1.3296,2.25,1.13
2011.05.12 04:15:01.520,1.32932,1.3296,1.50,1.13
2011.05.12 04:15:01.741,1.32932,1.3296,1.50,1.13
2011.05.12 04:15:04.430,1.3293,1.3296,2.25,1.13
2011.05.12 04:15:06.080,1.3293,1.32963,3.00,1.13
2011.05.12 04:15:06.192,1.32937,1.32966,1.13,2.30
2011.05.12 04:15:06.301,1.32937,1.32966,1.13,1.50
2011.05.12 04:15:08.442,1.32937,1.32966,1.13,1.50
2011.05.12 04:15:09.324,1.32937,1.32966,1.13,1.50
2011.05.12 04:15:14.054,1.32939,1.32967,1.50,1.50
2011.05.12 04:15:14.499,1.32939,1.32966,1.50,1.50
2011.05.12 04:15:21.149,1.32939,1.32966,1.50,1.50
2011.05.12 04:15:22.304,1.32939,1.32966,1.50,1.50
2011.05.12 04:15:25.791,1.32937,1.32966,1.13,1.50
2011.05.12 04:15:26.321,1.32937,1.32966,1.13,1.50
2011.05.12 04:15:27.790,1.32937,1.32966,1.13,1.50
2011.05.12 04:15:42.601,1.32937,1.32966,1.13,1.50
2011.05.12 04:15:46.971,1.32936,1.32963,1.50,1.50
2011.05.12 04:15:47.410,1.32936,1.32962,1.50,1.13
2011.05.12 04:15:48.139,1.32936,1.32962,1.50,1.13
2011.05.12 04:15:48.470,1.32936,1.32966,1.50,1.55
2011.05.12 04:15:51.870,1.32932,1.32964,2.25,1.13
2011.05.12 04:15:54.561,1.32932,1.32962,1.50,1.13
2011.05.12 04:15:55.011,1.32932,1.32965,2.97,1.17
2011.05.12 04:15:55.560,1.32942,1.32966,1.50,1.13
2011.05.12 04:15:55.892,1.32932,1.32955,1.50,1.50
2011.05.12 04:15:56.111,1.32927,1.32951,1.50,1.50
2011.05.12 04:15:56.222,1.32924,1.32945,1.50,1.13
2011.05.12 04:15:56.331,1.32921,1.32945,1.50,1.13
2011.05.12 04:15:56.443,1.32918,1.32937,1.50,1.13
2011.05.12 04:15:56.552,1.32915,1.32935,1.50,1.13
2011.05.12 04:15:56.663,1.32911,1.32936,2.25,1.13
2011.05.12 04:15:56.782,1.32908,1.32934,1.50,1.50
2011.05.12 04:15:56.892,1.32907,1.32932,1.50,1.50
2011.05.12 04:15:59.459,1.32904,1.32931,1.50,1.13
2011.05.12 04:15:59.572,1.32904,1.32933,1.50,2.63
2011.05.12 04:15:59.791,1.32911,1.32933,1.50,1.88
2011.05.12 04:15:59.901,1.32911,1.32938,1.50,1.47
2011.05.12 04:16:00.120,1.32911,1.32939,1.50,2.59
2011.05.12 04:16:01.030,1.32911,1.32934,1.50,1.13
2011.05.12 04:16:08.150,1.32908,1.32936,1.50,1.13
2011.05.12 04:16:08.920,1.32912,1.32936,1.50,1.13
2011.05.12 04:16:09.031,1.32912,1.32941,1.50,2.25
2011.05.12 04:16:09.140,1.32912,1.32941,1.50,1.88
2011.05.12 04:16:09.250,1.32912,1.32941,1.50,1.13
2011.05.12 04:16:09.830,1.32912,1.32941,1.50,1.13
2011.05.12 04:16:10.602,1.32912,1.32941,1.50,1.13
2011.05.12 04:16:15.061,1.3291,1.32937,1.50,1.13
2011.05.12 04:16:15.390,1.32909,1.32937,1.50,1.13
2011.05.12 04:16:18.340,1.32913,1.32942,1.50,1.13
2011.05.12 04:16:18.889,1.32918,1.32944,1.50,1.13
2011.05.12 04:16:19.570,1.32916,1.32939,1.50,1.13
2011.05.12 04:16:19.900,1.32911,1.32938,1.50,1.13
2011.05.12 04:16:25.661,1.32914,1.32942,1.50,1.13
2011.05.12 04:16:27.070,1.32915,1.32946,1.50,1.13
2011.05.12 04:16:31.860,1.32916,1.32946,1.50,1.13
2011.05.12 04:16:34.091,1.32916,1.32946,1.50,1.13
2011.05.12 04:16:34.641,1.32918,1.32946,1.50,1.13
2011.05.12 04:16:35.572,1.32917,1.32946,3.23,1.50
2011.05.12 04:16:35.791,1.32918,1.32947,2.63,1.50
2011.05.12 04:16:37.912,1.32918,1.3295,3.38,1.50
2011.05.12 04:16:38.462,1.32918,1.3295,3.38,1.50
2011.05.12 04:16:40.959,1.32919,1.3295,1.50,1.50
2011.05.12 04:16:47.082,1.3292,1.32949,1.50,1.50
2011.05.12 04:16:47.412,1.32922,1.32951,1.50,1.50
2011.05.12 04:16:47.850,1.32924,1.32952,1.13,1.50
2011.05.12 04:16:48.071,1.32922,1.32951,1.50,1.13
2011.05.12 04:16:48.402,1.32921,1.32947,1.50,2.63
2011.05.12 04:16:48.621,1.32923,1.32948,1.50,1.50
2011.05.12 04:16:48.731,1.32922,1.32947,1.50,1.88
2011.05.12 04:16:49.070,1.32921,1.32947,2.25,1.50
2011.05.12 04:16:49.180,1.32922,1.32948,1.50,1.50
2011.05.12 04:16:49.399,1.32922,1.32948,1.50,1.50
2011.05.12 04:16:54.463,1.32921,1.32945,1.50,1.50
2011.05.12 04:16:54.795,1.32918,1.32942,1.50,1.50
2011.05.12 04:16:55.441,1.32913,1.3294,1.50,1.50
2011.05.12 04:16:55.554,1.32913,1.3294,1.50,1.50
2011.05.12 04:16:56.442,1.32916,1.32942,1.50,1.13
2011.05.12 04:16:57.443,1.32915,1.3294,1.50,1.50
2011.05.12 04:16:57.990,1.32914,1.3294,1.50,1.50
2011.05.12 04:16:58.331,1.32914,1.3294,1.50,1.50
2011.05.12 04:16:58.550,1.32914,1.3294,1.50,1.50
2011.05.12 04:16:59.099,1.32914,1.3294,1.50,1.50
2011.05.12 04:16:59.210,1.32914,1.32942,1.50,1.88
2011.05.12 04:16:59.430,1.32914,1.32943,1.50,1.13
2011.05.12 04:16:59.759,1.32914,1.32944,3.60,1.50
2011.05.12 04:17:01.770,1.32914,1.32944,2.85,1.50
2011.05.12 04:17:02.899,1.32914,1.32944,3.60,1.50
2011.05.12 04:17:03.011,1.32914,1.32944,3.60,1.50
2011.05.12 04:17:03.121,1.32916,1.32947,1.88,1.50
2011.05.12 04:17:03.670,1.32921,1.32949,1.50,1.50
2011.05.12 04:17:04.791,1.32922,1.32945,1.50,1.50
2011.05.12 04:17:05.122,1.32912,1.32936,1.50,1.50
2011.05.12 04:17:06.121,1.32912,1.32936,1.50,1.50
2011.05.12 04:17:06.288,1.32912,1.32936,1.50,1.50
2011.05.12 04:17:07.652,1.32912,1.32938,1.50,1.13
2011.05.12 04:17:09.650,1.32911,1.32938,2.25,1.13
2011.05.12 04:17:09.871,1.32914,1.32938,1.50,1.13
2011.05.12 04:17:12.081,1.32913,1.32938,1.50,1.13
2011.05.12 04:17:12.650,1.32914,1.32938,1.50,1.13
2011.05.12 04:17:14.651,1.32914,1.32938,1.50,1.13
2011.05.12 04:17:14.871,1.32914,1.32939,2.25,1.13
2011.05.12 04:17:15.090,1.32914,1.32938,1.50,1.13
2011.05.12 04:17:16.830,1.32914,1.32938,2.25,1.13
2011.05.12 04:17:24.480,1.32919,1.32944,1.50,1.13
2011.05.12 04:17:24.593,1.32921,1.32946,1.50,1.84
2011.05.12 04:17:24.703,1.32923,1.32946,1.50,1.09
2011.05.12 04:17:24.824,1.32922,1.32952,2.25,2.25
2011.05.12 04:17:25.050,1.32923,1.32953,1.50,1.88
2011.05.12 04:17:26.325,1.32935,1.32958,1.50,1.50
2011.05.12 04:17:26.448,1.32938,1.32961,1.50,1.50
2011.05.12 04:17:26.562,1.32939,1.32967,1.50,1.09
2011.05.12 04:17:26.781,1.3294,1.32968,1.50,1.09
2011.05.12 04:17:27.330,1.3294,1.32967,1.50,1.84
2011.05.12 04:17:27.444,1.3294,1.32967,1.50,2.59
2011.05.12 04:17:27.672,1.32935,1.32962,1.50,1.13
2011.05.12 04:17:27.891,1.32934,1.3296,2.25,1.88
2011.05.12 04:17:28.220,1.32929,1.32956,1.50,1.13
2011.05.12 04:17:28.330,1.32928,1.32956,1.50,1.13
2011.05.12 04:17:29.531,1.32926,1.32956,2.25,1.88
2011.05.12 04:17:29.750,1.32926,1.32956,3.00,1.13
2011.05.12 04:17:31.190,1.32925,1.32956,1.50,1.13
2011.05.12 04:17:31.959,1.32924,1.32953,1.84,1.13
2011.05.12 04:17:34.161,1.32924,1.3295,1.84,1.13
2011.05.12 04:17:34.855,1.32923,1.32948,1.50,1.13
2011.05.12 04:17:37.501,1.32923,1.32949,1.50,1.50
2011.05.12 04:17:37.723,1.32926,1.32952,1.50,1.13
2011.05.12 04:17:37.941,1.32926,1.32952,1.50,1.13
2011.05.12 04:17:38.520,1.32926,1.32952,1.50,1.13
2011.05.12 04:17:39.450,1.32926,1.32952,2.25,1.13
2011.05.12 04:17:39.562,1.32929,1.32956,1.50,1.13
2011.05.12 04:17:39.671,1.3293,1.32956,1.50,1.13
2011.05.12 04:17:40.220,1.32929,1.32956,1.50,1.13
2011.05.12 04:17:41.571,1.32926,1.32958,3.00,1.50
2011.05.12 04:17:42.153,1.32928,1.32959,1.50,1.50
2011.05.12 04:17:42.871,1.32929,1.32959,1.50,1.50
2011.05.12 04:17:42.980,1.32929,1.32959,1.50,1.50
2011.05.12 04:17:47.753,1.32929,1.32958,1.50,1.13
2011.05.12 04:17:48.080,1.32927,1.32957,1.50,1.50
2011.05.12 04:17:49.690,1.32927,1.32956,1.50,1.13
2011.05.12 04:17:49.799,1.32927,1.32956,1.50,1.13
2011.05.12 04:17:51.530,1.32925,1.32956,2.25,1.13
2011.05.12 04:17:53.411,1.32926,1.32956,1.50,1.50
2011.05.12 04:17:55.934,1.32926,1.32956,1.50,1.50
2011.05.12 04:17:56.830,1.32925,1.32957,2.25,1.50
2011.05.12 04:17:56.944,1.32931,1.32959,1.50,1.13
2011.05.12 04:17:57.174,1.32936,1.32964,1.13,3.00
2011.05.12 04:17:57.404,1.32937,1.32967,1.50,1.50
2011.05.12 04:17:57.742,1.32942,1.32967,1.88,1.50
2011.05.12 04:17:59.137,1.32941,1.32967,1.13,1.50
2011.05.12 04:17:59.250,1.32941,1.32967,1.13,1.50
2011.05.12 04:18:00.922,1.32943,1.32974,1.09,1.92
2011.05.12 04:18:01.361,1.32943,1.32969,1.09,1.50
2011.05.12 04:18:01.690,1.32943,1.32968,1.09,1.50
2011.05.12 04:18:02.022,1.32943,1.32968,1.09,1.50
2011.05.12 04:18:02.571,1.32943,1.32967,1.09,1.50
2011.05.12 04:18:03.120,1.32943,1.32968,1.09,1.50
2011.05.12 04:18:06.990,1.32943,1.32969,1.09,1.50
2011.05.12 04:18:07.321,1.32943,1.32969,1.09,1.50
2011.05.12 04:18:07.650,1.32941,1.32971,1.50,1.17
2011.05.12 04:18:07.979,1.32941,1.32971,1.50,1.17
2011.05.12 04:18:10.170,1.32941,1.32968,1.50,1.50
2011.05.12 04:18:11.071,1.32942,1.32969,1.50,1.55
2011.05.12 04:18:11.290,1.32942,1.32969,1.50,1.55
2011.05.12 04:18:14.431,1.32941,1.32969,1.50,1.55
2011.05.12 04:18:14.541,1.32941,1.32965,1.50,1.50
2011.05.12 04:18:14.651,1.32941,1.32965,1.50,1.50
2011.05.12 04:18:14.873,1.32937,1.32964,2.25,1.50
2011.05.12 04:18:15.800,1.32936,1.32964,1.88,1.50
2011.05.12 04:18:16.241,1.32937,1.32968,2.25,1.13
2011.05.12 04:18:16.351,1.32938,1.32968,1.50,1.13
2011.05.12 04:18:16.571,1.32942,1.32971,1.50,1.55
2011.05.12 04:18:16.792,1.32944,1.32974,1.13,1.55
2011.05.12 04:18:16.902,1.32944,1.32974,1.13,1.55
2011.05.12 04:18:17.450,1.32944,1.32974,1.13,1.55
2011.05.12 04:18:19.892,1.32945,1.32974,1.50,1.55
2011.05.12 04:18:22.540,1.32945,1.32974,1.50,1.50
2011.05.12 04:18:26.113,1.32944,1.32973,1.50,1.17
2011.05.12 04:18:26.451,1.32944,1.32971,1.50,1.55
2011.05.12 04:18:26.781,1.32939,1.32967,1.50,1.13
2011.05.12 04:18:26.893,1.32938,1.32966,1.50,1.55
2011.05.12 04:18:27.002,1.32938,1.32966,1.50,1.55
2011.05.12 04:18:27.331,1.32937,1.32966,2.25,1.55
2011.05.12 04:18:28.450,1.32937,1.32965,2.25,1.17
2011.05.12 04:18:28.561,1.32937,1.32964,2.25,1.55
2011.05.12 04:18:30.450,1.32934,1.32962,2.25,1.13
2011.05.12 04:18:30.672,1.32936,1.32967,2.25,1.55
2011.05.12 04:18:31.440,1.32936,1.32967,2.25,1.55
2011.05.12 04:18:31.551,1.32936,1.32966,2.25,1.50
2011.05.12 04:18:31.661,1.32936,1.32967,2.25,1.50
2011.05.12 04:18:32.113,1.32936,1.32968,2.25,1.13
2011.05.12 04:18:32.769,1.32936,1.32965,2.25,1.50
2011.05.12 04:18:33.983,1.32937,1.32967,1.50,1.13
2011.05.12 04:18:34.311,1.32937,1.32967,1.50,1.13
2011.05.12 04:18:35.231,1.32937,1.32966,1.50,1.50
2011.05.12 04:18:36.142,1.32942,1.3297,1.13,1.50
2011.05.12 04:18:36.363,1.32937,1.32962,1.50,1.50
2011.05.12 04:18:36.485,1.32934,1.32962,1.50,1.50
2011.05.12 04:18:36.602,1.3293,1.32959,1.13,1.50
2011.05.12 04:18:36.710,1.3293,1.32959,1.13,1.50
2011.05.12 04:18:37.371,1.3293,1.32959,1.13,1.55
2011.05.12 04:18:44.579,1.3293,1.32957,1.13,1.50
2011.05.12 04:18:46.390,1.32929,1.32957,1.13,1.55
2011.05.12 04:18:48.533,1.32926,1.32953,2.59,1.50
2011.05.12 04:18:55.582,1.32926,1.32953,1.84,1.50
2011.05.12 04:18:56.240,1.32927,1.32953,1.50,1.50
2011.05.12 04:18:56.462,1.32927,1.32954,1.50,1.50
2011.05.12 04:18:57.120,1.32928,1.32956,1.50,1.55
2011.05.12 04:18:57.449,1.32928,1.32956,1.50,1.55
2011.05.12 04:18:58.571,1.32928,1.32958,1.50,2.30
2011.05.12 04:18:58.681,1.32928,1.32958,1.50,1.55
2011.05.12 04:18:59.340,1.32928,1.32954,1.50,2.25
2011.05.12 04:18:59.930,1.32926,1.32954,1.84,2.25
2011.05.12 04:19:01.480,1.32931,1.32953,1.50,2.25
2011.05.12 04:19:03.850,1.32934,1.32954,1.50,2.25
2011.05.12 04:19:04.072,1.32934,1.32954,1.50,2.25
2011.05.12 04:19:04.402,1.32934,1.32961,1.50,1.55
2011.05.12 04:19:04.515,1.32934,1.32962,1.50,1.92
2011.05.12 04:19:04.744,1.32938,1.32966,1.13,1.50
2011.05.12 04:19:05.082,1.32941,1.3297,1.50,1.13
2011.05.12 04:19:05.524,1.32947,1.3297,1.50,1.50
2011.05.12 04:19:05.644,1.32941,1.32971,2.25,1.13
2011.05.12 04:19:05.982,1.32941,1.32972,2.25,1.17
2011.05.12 04:19:06.204,1.32941,1.32973,2.25,1.92
2011.05.12 04:19:06.323,1.32941,1.32973,1.50,1.55
2011.05.12 04:19:06.849,1.32944,1.32971,1.13,1.55
2011.05.12 04:19:07.071,1.32944,1.32972,1.13,1.55
2011.05.12 04:19:07.403,1.32939,1.32968,1.09,1.17
2011.05.12 04:19:07.620,1.32933,1.3296,1.88,1.50
2011.05.12 04:19:08.170,1.32933,1.3296,1.88,1.50
2011.05.12 04:19:08.501,1.32933,1.32963,2.63,1.50
2011.05.12 04:19:08.721,1.32934,1.32964,1.50,1.50
2011.05.12 04:19:09.411,1.32934,1.32962,1.50,1.50
2011.05.12 04:19:09.962,1.32933,1.3296,1.50,1.50
2011.05.12 04:19:10.511,1.32933,1.3296,1.88,1.50
2011.05.12 04:19:11.540,1.32934,1.32959,1.13,1.50
2011.05.12 04:19:11.761,1.32933,1.32958,1.50,1.50
2011.05.12 04:19:12.091,1.32933,1.32958,1.50,1.50
2011.05.12 04:19:12.201,1.32931,1.32956,1.84,1.50
2011.05.12 04:19:12.310,1.32931,1.32956,1.84,1.50
2011.05.12 04:19:13.291,1.32931,1.32957,1.09,1.50
2011.05.12 04:19:13.401,1.32931,1.32957,1.09,1.50
2011.05.12 04:19:13.730,1.32931,1.32957,1.09,1.50
2011.05.12 04:19:14.390,1.32931,1.3296,1.09,2.25
2011.05.12 04:19:16.471,1.32929,1.32957,1.50,1.13
2011.05.12 04:19:17.020,1.32927,1.32958,3.75,1.13
2011.05.12 04:19:21.779,1.32927,1.32956,3.75,1.50
2011.05.12 04:19:22.329,1.32927,1.32956,3.75,1.50
2011.05.12 04:19:24.100,1.32927,1.32956,3.75,1.50
2011.05.12 04:19:24.980,1.32932,1.32957,2.10,1.13
2011.05.12 04:19:25.540,1.32932,1.32957,2.10,1.50
2011.05.12 04:19:25.658,1.32936,1.32961,2.25,1.50
2011.05.12 04:19:25.774,1.32936,1.32961,2.25,1.50
2011.05.12 04:19:26.003,1.32936,1.32962,1.50,2.25
2011.05.12 04:19:26.111,1.32936,1.32962,1.50,2.25
2011.05.12 04:19:26.226,1.32937,1.32963,1.50,3.00
2011.05.12 04:19:26.452,1.32937,1.3296,1.50,1.13
2011.05.12 04:19:26.564,1.32937,1.32961,1.50,1.13
2011.05.12 04:19:26.902,1.32935,1.3296,1.50,1.50
2011.05.12 04:19:27.340,1.3293,1.32956,1.50,1.13
2011.05.12 04:19:27.561,1.32928,1.32956,1.50,1.88
2011.05.12 04:19:27.779,1.32928,1.32956,1.50,1.88
2011.05.12 04:19:27.892,1.32928,1.32955,1.50,1.50
2011.05.12 04:19:28.221,1.32928,1.32955,1.50,1.50
2011.05.12 04:19:29.851,1.32928,1.32953,1.50,2.25
2011.05.12 04:19:31.852,1.32927,1.3295,1.50,1.50
2011.05.12 04:19:32.403,1.32914,1.32947,2.25,1.50
2011.05.12 04:19:32.527,1.32914,1.32941,1.50,1.13
2011.05.12 04:19:32.642,1.32912,1.32941,1.84,1.88
2011.05.12 04:19:33.084,1.3291,1.32937,1.09,1.50
2011.05.12 04:19:33.313,1.32907,1.32938,3.00,1.13
2011.05.12 04:19:33.861,1.32907,1.32939,3.00,1.13
2011.05.12 04:19:35.110,1.32911,1.32942,1.13,1.88
2011.05.12 04:19:35.786,1.32911,1.32942,1.88,1.50
2011.05.12 04:19:36.343,1.32912,1.32944,1.50,2.63
2011.05.12 04:19:36.451,1.32912,1.32944,1.50,2.63
2011.05.12 04:19:36.781,1.32908,1.3294,1.50,1.13
2011.05.12 04:19:37.002,1.32912,1.32942,1.50,1.50
2011.05.12 04:19:37.221,1.32912,1.32944,1.50,1.88
2011.05.12 04:19:37.552,1.32915,1.32946,1.13,1.50
2011.05.12 04:19:37.771,1.32919,1.3295,1.13,1.50
2011.05.12 04:19:38.100,1.3292,1.32952,1.50,2.25
2011.05.12 04:19:38.211,1.3292,1.32952,1.50,2.25
2011.05.12 04:19:38.760,1.3292,1.32953,1.50,2.25
2011.05.12 04:19:39.611,1.3292,1.32952,1.88,1.50
2011.05.12 04:19:42.544,1.3292,1.32955,1.88,1.13
2011.05.12 04:19:42.663,1.32924,1.32956,1.50,2.67
2011.05.12 04:19:42.776,1.32925,1.32956,1.50,1.50
2011.05.12 04:19:43.001,1.32924,1.32954,1.13,1.50
2011.05.12 04:19:43.111,1.32924,1.32954,1.13,1.50
2011.05.12 04:19:43.223,1.32924,1.32954,1.13,1.50
2011.05.12 04:19:43.441,1.32924,1.32952,1.13,1.50
2011.05.12 04:19:43.661,1.32919,1.32952,1.13,1.88
2011.05.12 04:19:44.210,1.32919,1.32951,1.13,1.50
2011.05.12 04:19:45.340,1.3292,1.32951,1.13,1.50
2011.05.12 04:19:46.873,1.3292,1.32951,1.13,1.50
2011.05.12 04:19:48.663,1.32921,1.32952,1.13,1.50
2011.05.12 04:19:49.210,1.32921,1.32953,1.88,1.50
2011.05.12 04:19:50.180,1.32921,1.32953,1.88,1.50
2011.05.12 04:19:50.622,1.32921,1.32953,1.88,1.50
2011.05.12 04:19:51.170,1.32921,1.32953,1.88,1.50
2011.05.12 04:19:51.722,1.32919,1.32947,1.88,1.50
2011.05.12 04:19:51.943,1.32919,1.32951,1.88,2.25
2011.05.12 04:19:53.220,1.32922,1.3295,1.88,1.50
2011.05.12 04:19:54.060,1.32922,1.32949,1.50,1.92
2011.05.12 04:19:57.111,1.32919,1.32949,1.50,2.63
2011.05.12 04:19:57.330,1.32919,1.32949,1.50,1.88
2011.05.12 04:19:57.771,1.32919,1.32949,1.50,1.13
2011.05.12 04:19:57.881,1.32919,1.3295,1.50,1.13
2011.05.12 04:19:58.441,1.32917,1.32948,1.50,1.50
2011.05.12 04:20:02.241,1.32916,1.32946,2.25,1.88
2011.05.12 04:20:02.571,1.32916,1.32947,1.50,1.88
2011.05.12 04:20:02.681,1.32916,1.32947,1.50,1.13
2011.05.12 04:20:03.119,1.32916,1.32946,1.50,1.13
2011.05.12 04:20:03.739,1.32914,1.32942,1.50,1.13
2011.05.12 04:20:03.859,1.32911,1.32935,1.50,1.13
2011.05.12 04:20:03.973,1.32908,1.32938,2.25,1.13
2011.05.12 04:20:04.310,1.32908,1.32938,3.00,1.13
2011.05.12 04:20:10.561,1.32909,1.32938,1.50,1.13
2011.05.12 04:20:10.890,1.32906,1.32934,2.25,1.13
2011.05.12 04:20:11.001,1.32906,1.32934,2.25,1.88
2011.05.12 04:20:11.551,1.32906,1.32935,2.25,2.25
2011.05.12 04:20:12.066,1.32906,1.32935,2.25,1.50
2011.05.12 04:20:12.404,1.32907,1.32934,1.50,1.88
2011.05.12 04:20:12.631,1.32908,1.32934,1.50,1.13
2011.05.12 04:20:12.742,1.32908,1.32936,1.50,1.13
2011.05.12 04:20:12.960,1.32909,1.3294,1.50,1.50
2011.05.12 04:20:13.950,1.32916,1.32939,1.50,1.13
2011.05.12 04:20:14.281,1.32918,1.32943,1.50,1.50
2011.05.12 04:20:14.502,1.32919,1.32945,1.50,1.50
2011.05.12 04:20:15.050,1.32919,1.32946,1.50,1.88
2011.05.12 04:20:15.382,1.32921,1.32944,1.50,1.13
2011.05.12 04:20:15.493,1.32921,1.32946,1.50,1.13
2011.05.12 04:20:15.601,1.32923,1.32952,1.50,1.13
2011.05.12 04:20:15.935,1.32929,1.32956,1.50,1.50
2011.05.12 04:20:16.271,1.32929,1.32959,1.50,1.50
2011.05.12 04:20:16.820,1.32929,1.32958,1.50,1.13
2011.05.12 04:20:17.411,1.32927,1.32958,2.25,1.88
2011.05.12 04:20:18.950,1.32931,1.32958,1.50,1.13
2011.05.12 04:20:21.701,1.32931,1.32958,1.50,1.13
2011.05.12 04:20:21.920,1.32931,1.32958,1.50,1.13
2011.05.12 04:20:22.421,1.32929,1.32958,1.50,1.13
2011.05.12 04:20:28.419,1.32932,1.32962,1.50,2.22
2011.05.12 04:20:28.970,1.32933,1.32959,1.50,1.13
2011.05.12 04:20:29.761,1.32933,1.32959,1.50,1.13
2011.05.12 04:20:32.801,1.32937,1.32965,1.50,1.50
2011.05.12 04:20:32.911,1.32937,1.32965,1.50,1.13
2011.05.12 04:20:33.131,1.3294,1.32969,1.50,1.50
2011.05.12 04:20:33.461,1.3294,1.3297,2.25,1.13
2011.05.12 04:20:33.901,1.32938,1.32967,1.50,1.50
2011.05.12 04:20:34.121,1.32937,1.32965,3.00,1.13
2011.05.12 04:20:34.232,1.32936,1.32963,1.09,1.50
2011.05.12 04:20:34.451,1.32934,1.3296,1.84,1.13
2011.05.12 04:20:37.580,1.32936,1.32962,1.09,1.13
2011.05.12 04:20:38.154,1.32935,1.3296,1.09,1.13
2011.05.12 04:20:41.371,1.32936,1.3296,1.09,1.13
2011.05.12 04:20:42.138,1.32936,1.3296,1.09,1.13
2011.05.12 04:20:42.690,1.32933,1.32959,1.09,1.13
2011.05.12 04:20:42.800,1.32933,1.32959,1.09,1.13
2011.05.12 04:20:43.460,1.32928,1.32959,1.50,1.13
2011.05.12 04:20:44.280,1.32928,1.32958,1.50,1.13
2011.05.12 04:20:49.220,1.3293,1.3296,1.13,1.50
2011.05.12 04:20:56.830,1.32927,1.3296,5.22,1.50
2011.05.12 04:21:02.084,1.32927,1.32958,4.09,1.88
2011.05.12 04:21:02.640,1.32927,1.32956,1.84,1.50
2011.05.12 04:21:06.680,1.32927,1.32956,1.09,1.50
2011.05.12 04:21:14.051,1.32926,1.32952,1.09,1.50
2011.05.12 04:21:15.283,1.32931,1.32959,1.13,1.17
2011.05.12 04:21:15.913,1.32948,1.32977,1.13,2.25
2011.05.12 04:21:16.253,1.3295,1.32974,1.50,1.13
2011.05.12 04:21:16.363,1.32942,1.32973,1.13,1.50
2011.05.12 04:21:16.473,1.32941,1.32966,1.50,1.13
2011.05.12 04:21:16.693,1.32934,1.32958,2.25,1.13
2011.05.12 04:21:16.802,1.32933,1.32963,1.50,1.13
2011.05.12 04:21:16.912,1.32932,1.32963,1.13,1.50
2011.05.12 04:21:17.240,1.32932,1.32964,1.88,1.50
2011.05.12 04:21:17.461,1.32932,1.32962,1.13,1.50
2011.05.12 04:21:17.571,1.3293,1.32962,1.50,1.50
2011.05.12 04:21:18.119,1.3293,1.32962,1.50,1.50
2011.05.12 04:21:18.670,1.3293,1.32961,1.50,1.13
2011.05.12 04:21:18.781,1.32929,1.32961,1.50,1.13
2011.05.12 04:21:18.892,1.32931,1.32961,2.85,1.88
2011.05.12 04:21:19.111,1.32933,1.32961,1.50,1.13
2011.05.12 04:21:19.442,1.32933,1.32961,2.25,1.13
2011.05.12 04:21:19.770,1.32933,1.32961,1.50,1.13
2011.05.12 04:21:20.320,1.32933,1.32961,1.50,1.13
2011.05.12 04:21:22.340,1.32933,1.32961,1.13,1.50
2011.05.12 04:21:23.252,1.32935,1.32966,2.63,1.50
2011.05.12 04:21:23.361,1.32937,1.32966,1.13,1.50
2011.05.12 04:21:23.472,1.32937,1.32966,1.13,1.50
2011.05.12 04:21:25.971,1.32937,1.32968,1.13,1.09
2011.05.12 04:21:26.192,1.32943,1.3297,1.13,1.50
2011.05.12 04:21:26.740,1.3294,1.32968,1.09,1.50
2011.05.12 04:21:27.320,1.3294,1.32968,1.09,1.50
2011.05.12 04:21:29.412,1.32941,1.3297,1.88,1.50
2011.05.12 04:21:30.080,1.32941,1.3297,2.63,1.50
2011.05.12 04:21:31.042,1.32942,1.3297,1.50,1.50
2011.05.12 04:21:31.861,1.32942,1.3297,2.25,1.50
2011.05.12 04:21:32.190,1.3294,1.32969,1.09,1.50
2011.05.12 04:21:32.522,1.3294,1.32966,1.09,1.50
2011.05.12 04:21:32.632,1.32937,1.32964,1.50,1.50
2011.05.12 04:21:32.852,1.32932,1.3296,1.50,1.50
2011.05.12 04:21:33.180,1.32931,1.32957,1.50,1.50
2011.05.12 04:21:33.801,1.32934,1.32962,1.50,1.55
2011.05.12 04:21:33.910,1.32934,1.32961,1.50,1.50
2011.05.12 04:21:34.240,1.32934,1.32961,1.50,1.50
2011.05.12 04:21:34.461,1.32933,1.3296,1.13,1.50
2011.05.12 04:21:34.900,1.32933,1.3296,1.13,1.50
2011.05.12 04:21:42.237,1.32933,1.3296,1.88,1.50
2011.05.12 04:21:45.859,1.32933,1.32961,1.13,1.50
2011.05.12 04:21:53.330,1.32932,1.3296,1.88,1.50
2011.05.12 04:21:53.672,1.32932,1.32964,1.88,1.13
2011.05.12 04:21:54.003,1.32936,1.32961,1.50,1.50
2011.05.12 04:21:54.550,1.32936,1.32961,1.50,1.50
2011.05.12 04:22:03.661,1.32932,1.32963,1.50,1.92
2011.05.12 04:22:04.452,1.32932,1.32961,1.50,1.50
2011.05.12 04:22:10.540,1.32931,1.32959,1.13,1.50
2011.05.12 04:22:10.651,1.32932,1.32961,1.50,1.50
2011.05.12 04:22:13.970,1.32932,1.32961,1.50,1.50
2011.05.12 04:22:19.121,1.32932,1.32961,1.50,1.55
2011.05.12 04:22:19.451,1.32932,1.32961,1.50,1.55
2011.05.12 04:22:30.572,1.32932,1.32959,1.50,1.55
2011.05.12 04:22:31.120,1.32932,1.32959,1.50,1.50
2011.05.12 04:22:32.541,1.32932,1.32959,1.50,1.50
2011.05.12 04:22:40.101,1.32932,1.32959,1.50,1.50
2011.05.12 04:22:40.830,1.32932,1.32959,1.50,1.55
2011.05.12 04:22:44.450,1.32932,1.32959,1.50,1.50
2011.05.12 04:22:48.191,1.32932,1.3296,2.25,1.50
2011.05.12 04:22:48.630,1.32932,1.3296,2.25,1.50
2011.05.12 04:22:48.960,1.32932,1.3296,2.25,1.50
2011.05.12 04:22:50.180,1.32932,1.3296,2.25,1.50
2011.05.12 04:22:50.731,1.32932,1.3296,2.25,1.50
2011.05.12 04:22:51.438,1.32931,1.32958,1.13,1.50
2011.05.12 04:22:51.550,1.32929,1.32958,1.13,1.50
2011.05.12 04:22:57.471,1.32929,1.3296,1.13,1.50
2011.05.12 04:22:58.131,1.32929,1.32955,1.13,1.50
2011.05.12 04:22:58.242,1.32927,1.32955,1.13,1.50
2011.05.12 04:22:58.353,1.3292,1.32952,2.22,1.50
2011.05.12 04:22:58.462,1.32919,1.3295,1.84,1.50
2011.05.12 04:22:58.573,1.32921,1.32947,1.13,1.50
2011.05.12 04:22:58.901,1.32919,1.32947,1.50,1.50
2011.05.12 04:22:59.012,1.32917,1.32947,1.50,1.88
2011.05.12 04:22:59.232,1.32914,1.32947,1.13,2.63
2011.05.12 04:22:59.342,1.32912,1.32944,1.13,1.50
2011.05.12 04:22:59.891,1.32912,1.32944,1.13,3.00
2011.05.12 04:23:00.473,1.32911,1.32943,1.13,1.50
2011.05.12 04:23:00.802,1.32908,1.3294,1.13,1.13
2011.05.12 04:23:01.308,1.32907,1.32938,1.13,1.50
2011.05.12 04:23:01.432,1.32899,1.32929,1.13,1.50
2011.05.12 04:23:01.654,1.32899,1.32928,1.13,1.50
2011.05.12 04:23:02.462,1.32894,1.32925,2.25,1.13
2011.05.12 04:23:03.011,1.32893,1.32925,1.50,1.88
2011.05.12 04:23:03.672,1.32892,1.32917,1.50,1.13
2011.05.12 04:23:04.222,1.32891,1.32917,1.50,1.13
2011.05.12 04:23:04.661,1.32892,1.32917,1.50,1.13
2011.05.12 04:23:05.211,1.32888,1.32917,1.50,1.13
2011.05.12 04:23:06.790,1.32888,1.32919,1.50,1.88
2011.05.12 04:23:07.153,1.32891,1.32922,1.50,1.92
2011.05.12 04:23:07.261,1.32891,1.32922,1.50,1.92
2011.05.12 04:23:07.374,1.32891,1.32918,1.50,1.13
2011.05.12 04:23:07.590,1.32887,1.32918,1.50,1.88
2011.05.12 04:23:08.214,1.32889,1.32918,1.50,1.13
2011.05.12 04:23:08.740,1.32888,1.3292,1.50,1.13
2011.05.12 04:23:08.962,1.32892,1.32921,1.13,1.50
2011.05.12 04:23:09.182,1.32892,1.32922,1.13,1.50
2011.05.12 04:23:09.750,1.32889,1.32921,1.88,1.13
2011.05.12 04:23:09.974,1.32898,1.32924,1.50,2.25
2011.05.12 04:23:10.094,1.329,1.32927,1.50,1.13
2011.05.12 04:23:10.215,1.32906,1.32931,1.50,2.22
2011.05.12 04:23:10.663,1.32913,1.32941,1.13,2.25
2011.05.12 04:23:10.895,1.32913,1.32944,1.13,1.50
2011.05.12 04:23:11.121,1.32913,1.32945,1.13,1.09
2011.05.12 04:23:11.560,1.32913,1.32945,1.13,1.09
2011.05.12 04:23:12.451,1.32913,1.32944,1.13,1.50
2011.05.12 04:23:12.672,1.3291,1.3294,1.50,1.13
2011.05.12 04:23:14.361,1.32907,1.3294,1.88,1.13
2011.05.12 04:23:16.362,1.32908,1.32943,1.13,1.13
2011.05.12 04:23:17.410,1.32908,1.32943,1.13,1.88
2011.05.12 04:23:17.631,1.32908,1.32942,1.13,1.50
2011.05.12 04:23:17.741,1.32908,1.32942,1.13,1.55
2011.05.12 04:23:18.272,1.32908,1.32941,1.13,1.50
2011.05.12 04:23:19.259,1.32908,1.32941,1.13,1.50
2011.05.12 04:23:20.140,1.32907,1.32937,1.13,1.50
2011.05.12 04:23:21.721,1.32907,1.32937,1.13,1.50
2011.05.12 04:23:22.164,1.32911,1.3294,1.13,2.25
2011.05.12 04:23:22.282,1.32911,1.3294,1.13,1.50
2011.05.12 04:23:22.830,1.32911,1.32939,1.13,1.50
2011.05.12 04:23:23.401,1.32913,1.32943,1.13,1.50
2011.05.12 04:23:23.971,1.32913,1.32941,1.13,1.50
2011.05.12 04:23:24.081,1.32913,1.32941,1.13,1.50
2011.05.12 04:23:24.762,1.32913,1.32941,1.13,1.50
2011.05.12 04:23:25.432,1.32908,1.32937,1.50,1.50
2011.05.12 04:23:25.873,1.32907,1.32934,1.13,1.50
2011.05.12 04:23:26.255,1.32902,1.32928,1.50,1.50
2011.05.12 04:23:26.376,1.32894,1.32925,1.13,1.50
2011.05.12 04:23:27.157,1.32894,1.32923,1.13,1.50
2011.05.12 04:23:27.349,1.32894,1.32923,1.13,1.50
2011.05.12 04:23:28.122,1.32894,1.32925,1.13,2.25
2011.05.12 04:23:28.671,1.32893,1.32924,1.13,1.50
2011.05.12 04:23:29.970,1.32893,1.32923,1.13,1.50
2011.05.12 04:23:30.192,1.32893,1.32923,1.13,1.50
2011.05.12 04:23:30.301,1.32893,1.32919,1.13,1.50
2011.05.12 04:23:30.632,1.32891,1.32922,1.13,3.34
2011.05.12 04:23:30.741,1.32891,1.32922,1.13,2.59
2011.05.12 04:23:31.661,1.32888,1.32921,1.88,1.13
2011.05.12 04:23:31.881,1.32892,1.32922,1.13,1.84
2011.05.12 04:23:32.211,1.32896,1.32923,1.13,3.75
2011.05.12 04:23:33.743,1.32896,1.32924,1.13,1.50
2011.05.12 04:23:34.762,1.32896,1.32924,1.13,1.50
2011.05.12 04:23:34.872,1.32896,1.32925,1.13,1.50
2011.05.12 04:23:34.983,1.32899,1.32927,1.13,1.50
2011.05.12 04:23:35.311,1.32899,1.32928,1.13,1.50
2011.05.12 04:23:35.860,1.32899,1.32928,1.13,1.50
2011.05.12 04:23:36.191,1.32895,1.32925,1.13,1.50
2011.05.12 04:23:36.302,1.32891,1.32923,1.84,1.13
2011.05.12 04:23:36.412,1.3289,1.32919,1.50,1.50
2011.05.12 04:23:36.632,1.32889,1.32918,1.13,1.50
2011.05.12 04:23:36.960,1.32889,1.32921,1.13,1.13
2011.05.12 04:23:37.230,1.32889,1.32921,1.88,1.88
2011.05.12 04:23:37.450,1.32889,1.32921,1.88,1.88
2011.05.12 04:23:38.001,1.32891,1.32925,1.88,1.50
2011.05.12 04:23:38.550,1.32891,1.32923,1.13,1.50
2011.05.12 04:23:41.660,1.32893,1.32925,1.50,1.13
2011.05.12 04:23:41.784,1.32892,1.32924,1.50,1.88
2011.05.12 04:23:42.550,1.32892,1.32924,1.50,2.63
2011.05.12 04:23:47.631,1.3289,1.32922,1.50,1.13
2011.05.12 04:23:49.010,1.32891,1.32922,1.50,1.13
2011.05.12 04:23:49.751,1.32891,1.32923,1.50,2.25
2011.05.12 04:23:50.191,1.32896,1.32924,1.13,1.50
2011.05.12 04:23:50.521,1.32896,1.32926,1.13,2.59
2011.05.12 04:23:51.702,1.32896,1.32926,1.13,1.50
2011.05.12 04:23:52.033,1.32891,1.32922,1.50,1.13
2011.05.12 04:23:52.670,1.32892,1.32922,1.50,1.13
2011.05.12 04:23:53.000,1.32892,1.32922,1.50,1.13
2011.05.12 04:23:55.871,1.32895,1.32925,1.13,2.63
2011.05.12 04:23:56.202,1.32895,1.32928,1.13,1.09
2011.05.12 04:23:56.750,1.32895,1.32928,1.13,1.84
2011.05.12 04:23:57.362,1.32895,1.32928,1.13,1.84
2011.05.12 04:23:59.733,1.32895,1.32926,1.13,1.50
2011.05.12 04:23:59.840,1.32895,1.32926,1.13,2.25
2011.05.12 04:24:00.401,1.32895,1.32926,1.13,1.50
2011.05.12 04:24:05.650,1.32895,1.32924,1.13,1.50
2011.05.12 04:24:06.421,1.32895,1.32925,1.13,1.50
2011.05.12 04:24:07.901,1.32902,1.3293,1.13,1.55
2011.05.12 04:24:08.011,1.32902,1.32931,1.88,3.05
2011.05.12 04:24:08.561,1.32902,1.32934,1.13,1.50
2011.05.12 04:24:09.834,1.32909,1.32936,1.13,1.50
2011.05.12 04:24:10.052,1.32908,1.32938,1.13,1.50
2011.05.12 04:24:11.465,1.32906,1.32938,1.13,1.50
2011.05.12 04:24:11.806,1.32906,1.32934,1.13,1.50
2011.05.12 04:24:12.142,1.32896,1.32926,1.13,1.50
2011.05.12 04:24:12.363,1.32894,1.32926,1.13,1.50
2011.05.12 04:24:14.849,1.32895,1.32927,1.13,1.84
2011.05.12 04:24:14.961,1.32894,1.32927,1.13,1.84
2011.05.12 04:24:15.401,1.32898,1.32927,1.13,1.09
2011.05.12 04:24:16.562,1.32898,1.32927,1.13,1.09
2011.05.12 04:24:16.892,1.32899,1.32927,1.13,1.09
2011.05.12 04:24:18.911,1.32904,1.3293,1.13,1.84
2011.05.12 04:24:19.021,1.32904,1.3293,1.13,1.50
2011.05.12 04:24:19.351,1.32908,1.32935,1.13,1.50
2011.05.12 04:24:19.680,1.32908,1.32936,1.13,1.50
2011.05.12 04:24:20.912,1.32908,1.32937,1.13,1.50
2011.05.12 04:24:22.091,1.32909,1.32938,1.50,2.25
2011.05.12 04:24:22.421,1.32917,1.32942,1.13,3.00
2011.05.12 04:24:22.532,1.32917,1.32945,1.13,1.50
2011.05.12 04:24:23.081,1.3292,1.32947,1.13,1.50
2011.05.12 04:24:30.221,1.3292,1.32947,1.13,1.50
2011.05.12 04:24:30.771,1.32919,1.32947,1.13,1.50
2011.05.12 04:24:36.211,1.32918,1.32945,1.13,1.13
2011.05.12 04:24:36.541,1.32917,1.32944,1.13,1.50
2011.05.12 04:24:37.090,1.32916,1.32942,1.13,1.50
2011.05.12 04:24:37.424,1.32901,1.3293,1.13,1.13
2011.05.12 04:24:37.644,1.32898,1.32926,1.13,1.50
2011.05.12 04:24:37.870,1.32898,1.32927,1.13,1.88
2011.05.12 04:24:39.103,1.32898,1.32926,1.13,1.13
2011.05.12 04:24:40.213,1.32898,1.32926,1.13,1.13
2011.05.12 04:24:40.738,1.32896,1.32927,1.13,1.13
2011.05.12 04:24:40.851,1.32896,1.32927,1.88,1.13
2011.05.12 04:24:43.402,1.32903,1.32927,1.13,1.13
2011.05.12 04:24:43.620,1.32903,1.32931,1.13,1.88
2011.05.12 04:24:43.731,1.32903,1.32931,1.13,1.88
2011.05.12 04:24:46.241,1.32903,1.3293,1.13,1.88
2011.05.12 04:24:46.571,1.32903,1.32926,1.13,1.50
2011.05.12 04:24:47.121,1.32903,1.32926,1.13,1.50
2011.05.12 04:24:47.450,1.32903,1.32927,1.13,1.50
2011.05.12 04:24:47.671,1.32903,1.3293,1.13,1.13
2011.05.12 04:24:47.891,1.32898,1.3293,1.13,2.25
2011.05.12 04:24:48.002,1.32898,1.32927,1.13,1.50
2011.05.12 04:24:48.443,1.32897,1.32925,1.13,1.13
2011.05.12 04:24:51.100,1.32901,1.32925,1.13,1.13
2011.05.12 04:24:51.322,1.32903,1.3293,1.13,2.25
2011.05.12 04:24:51.981,1.32903,1.3293,1.13,1.50
2011.05.12 04:24:53.214,1.32898,1.32929,1.13,1.50
2011.05.12 04:24:53.321,1.32897,1.32929,1.50,1.50
2011.05.12 04:24:53.541,1.32897,1.32929,1.50,1.13
2011.05.12 04:24:53.871,1.32902,1.3293,1.13,1.88
2011.05.12 04:24:53.982,1.32902,1.32932,1.13,1.13
2011.05.12 04:24:54.201,1.32902,1.32933,1.13,1.13
2011.05.12 04:24:54.315,1.32909,1.32937,1.13,1.88
2011.05.12 04:24:54.781,1.32909,1.32939,1.13,1.09
2011.05.12 04:24:56.590,1.32909,1.32939,1.13,1.84
2011.05.12 04:24:58.224,1.32908,1.32939,1.13,1.09
2011.05.12 04:24:58.452,1.32909,1.32939,1.13,1.09
2011.05.12 04:25:01.951,1.32913,1.32942,1.50,1.50
2011.05.12 04:25:02.284,1.32917,1.32947,1.13,2.25
2011.05.12 04:25:03.511,1.32917,1.32945,1.13,1.50
2011.05.12 04:25:17.491,1.32917,1.32948,1.88,1.09
2011.05.12 04:25:17.712,1.3292,1.32949,1.13,1.50
2011.05.12 04:25:18.260,1.3292,1.3295,1.13,1.50
2011.05.12 04:25:18.603,1.32921,1.3295,1.13,1.50
2011.05.12 04:25:18.822,1.32917,1.32948,1.13,1.50
2011.05.12 04:25:18.930,1.32917,1.32946,1.13,1.50
2011.05.12 04:25:25.553,1.32914,1.32943,1.09,1.50
2011.05.12 04:25:25.883,1.32914,1.32941,1.09,1.88
2011.05.12 04:25:26.103,1.32912,1.32939,1.09,1.50
2011.05.12 04:25:30.970,1.32912,1.32939,1.09,1.50
2011.05.12 04:25:31.410,1.32904,1.32935,1.13,1.50
2011.05.12 04:25:31.909,1.32904,1.32934,1.13,1.50
2011.05.12 04:25:33.820,1.32904,1.32934,1.13,1.50
2011.05.12 04:25:36.191,1.32904,1.32934,1.13,1.50
2011.05.12 04:25:36.301,1.32902,1.32933,1.47,1.50
2011.05.12 04:25:41.062,1.32902,1.3293,1.47,1.50
2011.05.12 04:25:41.174,1.32893,1.3292,1.50,1.50
2011.05.12 04:25:41.291,1.32888,1.32919,4.09,1.50
2011.05.12 04:25:41.621,1.32888,1.32918,1.13,1.50
2011.05.12 04:25:42.421,1.32886,1.32919,1.13,2.63
2011.05.12 04:25:46.173,1.32886,1.32915,1.13,1.50
2011.05.12 04:25:46.281,1.32886,1.32915,1.13,1.50
2011.05.12 04:25:46.612,1.32886,1.32909,1.13,1.50
2011.05.12 04:25:46.722,1.32886,1.32909,1.13,1.50
2011.05.12 04:25:47.053,1.32886,1.32914,1.13,2.25
2011.05.12 04:25:47.381,1.32886,1.32914,1.13,1.50
2011.05.12 04:25:49.045,1.32886,1.32914,1.13,1.50
2011.05.12 04:25:49.172,1.32885,1.32914,1.09,1.50
2011.05.12 04:25:49.401,1.32885,1.32914,1.09,1.50
2011.05.12 04:25:49.951,1.32885,1.32915,1.09,1.13
2011.05.12 04:25:52.290,1.32885,1.32916,1.09,1.17
2011.05.12 04:25:52.972,1.32885,1.32916,1.09,1.17
2011.05.12 04:25:53.908,1.32885,1.32916,1.09,1.17
2011.05.12 04:25:56.601,1.32885,1.32916,1.09,1.17
2011.05.12 04:25:56.930,1.32886,1.32919,1.13,1.88
2011.05.12 04:25:59.842,1.32886,1.32919,1.13,1.50
2011.05.12 04:26:00.392,1.32886,1.32921,1.13,1.13
2011.05.12 04:26:01.614,1.32886,1.32921,1.13,1.17
2011.05.12 04:26:02.368,1.3289,1.32922,1.88,1.50
2011.05.12 04:26:06.114,1.32891,1.32922,1.13,1.50
2011.05.12 04:26:07.932,1.32889,1.32919,1.50,1.13
2011.05.12 04:26:08.260,1.32887,1.32919,1.50,1.13
2011.05.12 04:26:10.808,1.32887,1.32919,1.50,1.13
2011.05.12 04:26:14.161,1.32887,1.32919,1.50,1.13
2011.05.12 04:26:15.613,1.32887,1.32908,1.50,1.13
2011.05.12 04:26:15.723,1.32882,1.32908,1.50,1.13
2011.05.12 04:26:15.831,1.32876,1.32908,2.63,1.13
2011.05.12 04:26:16.052,1.32875,1.32904,1.50,1.13
2011.05.12 04:26:16.162,1.32874,1.32903,1.09,1.13
2011.05.12 04:26:16.381,1.32874,1.32903,1.09,1.13
2011.05.12 04:26:16.492,1.32874,1.32901,1.09,1.13
2011.05.12 04:26:16.823,1.3287,1.329,1.50,1.50
2011.05.12 04:26:17.380,1.32869,1.32899,1.50,1.13
2011.05.12 04:26:18.324,1.32869,1.32899,1.50,1.13
2011.05.12 04:26:18.551,1.32869,1.32899,1.50,1.13
2011.05.12 04:26:21.168,1.32868,1.32899,3.72,1.13
2011.05.12 04:26:21.421,1.32868,1.32899,3.72,1.13
2011.05.12 04:26:21.970,1.32868,1.32899,2.97,1.13
2011.05.12 04:26:22.211,1.32868,1.32899,2.97,1.13
2011.05.12 04:26:23.241,1.32868,1.32897,2.97,1.50
2011.05.12 04:26:23.462,1.32867,1.32894,1.09,1.50
2011.05.12 04:26:24.224,1.32867,1.32897,1.09,1.88
2011.05.12 04:26:24.340,1.32867,1.32897,1.09,1.88
2011.05.12 04:26:25.953,1.32867,1.32897,1.09,1.13
2011.05.12 04:26:26.392,1.32867,1.32897,2.59,2.63
2011.05.12 04:26:26.940,1.32867,1.32897,2.59,2.63
2011.05.12 04:26:27.852,1.32867,1.32897,1.09,2.63
2011.05.12 04:26:28.076,1.32867,1.32897,1.09,2.63
2011.05.12 04:26:28.411,1.32867,1.32897,1.09,1.88
2011.05.12 04:26:28.744,1.32868,1.32898,1.13,2.25
2011.05.12 04:26:29.303,1.32867,1.32897,1.09,1.88
2011.05.12 04:26:29.838,1.32867,1.32897,1.09,2.63
2011.05.12 04:26:30.112,1.32867,1.32897,1.09,2.63
2011.05.12 04:26:30.662,1.32867,1.32897,1.09,1.88
2011.05.12 04:26:32.401,1.3287,1.32897,1.50,1.88
2011.05.12 04:26:32.622,1.32877,1.32899,2.22,1.13
2011.05.12 04:26:32.951,1.32867,1.32898,1.09,1.13
2011.05.12 04:26:33.850,1.32867,1.32898,1.09,1.13
2011.05.12 04:26:34.432,1.32867,1.32897,1.09,1.13
2011.05.12 04:26:36.711,1.32871,1.32898,1.50,1.13
2011.05.12 04:26:36.821,1.32878,1.32897,2.22,1.13
2011.05.12 04:26:36.931,1.32867,1.32897,1.09,1.13
2011.05.12 04:26:38.037,1.32867,1.32898,1.09,1.13
2011.05.12 04:26:38.152,1.32867,1.32898,1.09,1.13
2011.05.12 04:26:38.372,1.32863,1.32896,1.13,1.50
2011.05.12 04:26:38.483,1.3286,1.32892,1.09,1.50
2011.05.12 04:26:39.031,1.3286,1.32891,1.09,1.50
2011.05.12 04:26:39.143,1.32866,1.32893,1.13,1.50
2011.05.12 04:26:39.252,1.32866,1.32898,1.13,2.25
2011.05.12 04:26:39.580,1.32866,1.32896,1.13,1.50
2011.05.12 04:26:40.265,1.32866,1.32895,1.13,1.50
2011.05.12 04:26:41.001,1.32866,1.32896,1.13,1.50
2011.05.12 04:26:41.222,1.32863,1.32893,1.50,1.50
2011.05.12 04:26:41.661,1.32861,1.32893,1.50,1.50
2011.05.12 04:26:41.881,1.3286,1.32892,1.84,1.50
2011.05.12 04:26:42.321,1.32862,1.32894,1.50,1.13
2011.05.12 04:26:42.962,1.32863,1.32894,2.10,1.13
2011.05.12 04:26:43.182,1.32861,1.32894,1.88,1.13
2011.05.12 04:26:45.128,1.32861,1.32894,1.88,1.13
2011.05.12 04:26:45.902,1.32861,1.32894,1.13,1.13
2011.05.12 04:26:47.988,1.32861,1.32894,1.13,1.13
2011.05.12 04:26:48.551,1.32861,1.32894,1.13,1.88
2011.05.12 04:26:49.132,1.32861,1.32894,1.13,1.13
2011.05.12 04:26:49.242,1.32861,1.32894,1.13,1.13
2011.05.12 04:26:50.142,1.32869,1.32894,1.50,1.13
2011.05.12 04:26:50.254,1.3287,1.32896,1.50,1.55
2011.05.12 04:26:50.373,1.3287,1.32897,1.50,1.50
2011.05.12 04:26:50.702,1.32869,1.32901,2.25,1.13
2011.05.12 04:26:50.922,1.32869,1.32901,1.50,1.13
2011.05.12 04:26:52.361,1.32869,1.329,1.50,1.13
2011.05.12 04:26:52.471,1.32869,1.329,1.50,1.13
2011.05.12 04:26:53.021,1.32869,1.329,1.50,1.13
2011.05.12 04:26:53.601,1.32869,1.329,1.50,1.13
2011.05.12 04:26:54.040,1.3287,1.329,1.50,1.13
2011.05.12 04:26:56.420,1.3287,1.329,1.50,1.13
2011.05.12 04:27:01.673,1.3287,1.32899,1.50,1.50
2011.05.12 04:27:01.893,1.3287,1.32895,1.50,1.13
2011.05.12 04:27:02.441,1.3287,1.32895,2.25,1.13
2011.05.12 04:27:04.622,1.3287,1.329,2.25,1.55
2011.05.12 04:27:04.731,1.32875,1.32902,1.50,1.92
2011.05.12 04:27:04.951,1.32881,1.32902,1.50,1.92
2011.05.12 04:27:05.281,1.3287,1.32896,1.50,1.13
2011.05.12 04:27:05.610,1.3287,1.32896,1.50,1.13
2011.05.12 04:27:10.281,1.32869,1.32894,2.25,1.50
2011.05.12 04:27:10.502,1.32869,1.32891,1.50,1.13
2011.05.12 04:27:10.832,1.32864,1.32885,1.84,1.13
2011.05.12 04:27:10.943,1.32864,1.32885,1.50,1.13
2011.05.12 04:27:11.870,1.3286,1.32888,1.50,1.13
2011.05.12 04:27:18.152,1.32865,1.32888,1.50,1.13
2011.05.12 04:27:18.482,1.32864,1.32887,1.50,1.50
2011.05.12 04:27:18.701,1.32864,1.32887,1.50,1.50
2011.05.12 04:27:18.921,1.32864,1.3289,1.50,2.25
2011.05.12 04:27:19.471,1.32864,1.32892,1.50,1.88
2011.05.12 04:27:21.551,1.32864,1.32892,1.50,1.13
2011.05.12 04:27:21.882,1.32866,1.32893,1.50,1.50
2011.05.12 04:27:22.438,1.3287,1.32898,1.84,1.13
2011.05.12 04:27:23.991,1.3287,1.329,2.59,1.13
2011.05.12 04:27:24.214,1.32877,1.32903,1.50,1.92
2011.05.12 04:27:24.336,1.3288,1.32906,1.50,1.55
2011.05.12 04:27:24.675,1.32882,1.32907,1.50,1.50
2011.05.12 04:27:24.901,1.32882,1.32908,1.50,1.13
2011.05.12 04:27:25.560,1.32882,1.32906,1.50,1.50
2011.05.12 04:27:26.120,1.3288,1.32905,2.25,1.50
2011.05.12 04:27:28.780,1.32881,1.32904,1.50,1.50
2011.05.12 04:27:29.373,1.32881,1.32904,1.50,1.50
2011.05.12 04:27:30.848,1.32881,1.32903,1.50,2.25
2011.05.12 04:27:31.451,1.3288,1.32899,1.50,1.50
2011.05.12 04:27:32.171,1.32881,1.32902,1.50,1.13
2011.05.12 04:27:32.731,1.32881,1.32902,1.50,1.13
2011.05.12 04:27:33.392,1.32881,1.32903,1.50,2.25
2011.05.12 04:27:36.068,1.3288,1.32903,1.50,2.25
2011.05.12 04:27:36.292,1.3288,1.32904,1.50,1.50
2011.05.12 04:27:49.594,1.32879,1.32902,1.50,1.50
2011.05.12 04:27:49.706,1.3287,1.32897,1.47,1.50
2011.05.12 04:27:52.131,1.32872,1.32899,1.09,2.25
2011.05.12 04:27:52.572,1.32874,1.32899,1.09,1.50
2011.05.12 04:27:53.304,1.32874,1.32899,1.09,2.25
2011.05.12 04:27:53.974,1.32874,1.32899,1.09,1.50
2011.05.12 04:27:55.187,1.32874,1.329,1.09,1.50
2011.05.12 04:27:55.410,1.32874,1.32902,1.09,1.50
2011.05.12 04:27:55.892,1.32874,1.32903,1.09,1.50
2011.05.12 04:27:56.222,1.32874,1.32901,2.44,1.50
2011.05.12 04:27:56.791,1.32874,1.32902,1.09,1.50
2011.05.12 04:27:57.471,1.32874,1.32901,1.09,1.50
2011.05.12 04:27:58.022,1.32874,1.32901,1.09,1.50
2011.05.12 04:27:58.131,1.32874,1.32898,1.09,1.13
2011.05.12 04:27:58.242,1.32869,1.32895,1.09,1.50
2011.05.12 04:27:58.791,1.32874,1.32898,1.09,1.13
2011.05.12 04:27:59.548,1.32874,1.32898,1.09,1.13
2011.05.12 04:28:01.351,1.32874,1.32898,1.09,1.13
2011.05.12 04:28:04.140,1.32874,1.32899,1.09,1.88
2011.05.12 04:28:05.275,1.32874,1.32902,1.09,1.13
2011.05.12 04:28:05.396,1.32875,1.32901,1.50,1.13
2011.05.12 04:28:05.622,1.32875,1.32906,1.50,1.13
2011.05.12 04:28:05.955,1.32874,1.32902,1.09,1.13
2011.05.12 04:28:06.341,1.32874,1.32902,1.09,1.13
2011.05.12 04:28:06.891,1.32868,1.32898,2.10,1.13
2011.05.12 04:28:08.982,1.32868,1.32898,2.10,1.13
2011.05.12 04:28:09.619,1.3287,1.32897,1.50,1.50
2011.05.12 04:28:10.175,1.32867,1.32897,1.50,1.50
2011.05.12 04:28:10.732,1.32866,1.32897,1.09,1.50
2011.05.12 04:28:11.973,1.32868,1.32898,1.50,1.17
2011.05.12 04:28:12.081,1.3287,1.32902,1.50,1.55
2011.05.12 04:28:12.301,1.32873,1.329,1.50,1.50
2011.05.12 04:28:17.501,1.32872,1.329,1.84,1.50
2011.05.12 04:28:17.612,1.32873,1.32901,1.50,1.50
2011.05.12 04:28:18.161,1.32874,1.32903,2.25,1.50
2011.05.12 04:28:23.887,1.32874,1.32902,2.25,1.50
2011.05.12 04:28:24.701,1.32874,1.32903,2.25,1.50
2011.05.12 04:28:25.140,1.32874,1.32903,2.25,1.50
2011.05.12 04:28:25.471,1.32874,1.32899,2.25,1.50
2011.05.12 04:28:27.524,1.32874,1.32904,1.50,1.13
2011.05.12 04:28:41.531,1.32875,1.32902,1.50,1.88
2011.05.12 04:28:41.752,1.3287,1.32898,1.09,1.13
2011.05.12 04:28:44.388,1.32872,1.32899,1.09,1.13
2011.05.12 04:28:44.908,1.32872,1.32903,1.84,1.50
2011.05.12 04:28:52.562,1.32872,1.32898,1.84,1.50
2011.05.12 04:28:53.461,1.32872,1.32898,1.84,1.50
2011.05.12 04:28:54.109,1.32872,1.32898,1.84,1.50
2011.05.12 04:28:54.447,1.32872,1.32899,1.84,1.50
2011.05.12 04:28:59.252,1.32872,1.32898,1.09,1.50
2011.05.12 04:28:59.361,1.32872,1.32898,1.09,1.50
2011.05.12 04:29:01.514,1.32872,1.32899,1.09,1.50
2011.05.12 04:29:02.108,1.32872,1.329,1.09,1.88
2011.05.12 04:29:02.218,1.32872,1.32899,1.09,1.50
2011.05.12 04:29:02.726,1.32872,1.32898,1.09,1.50
2011.05.12 04:29:03.687,1.32872,1.329,1.09,1.13
2011.05.12 04:29:04.242,1.32872,1.329,1.09,1.13
2011.05.12 04:29:07.332,1.32872,1.32899,1.09,1.50
2011.05.12 04:29:10.799,1.32886,1.32905,1.50,1.50
2011.05.12 04:29:11.682,1.32887,1.32906,1.50,1.50
2011.05.12 04:29:11.903,1.32887,1.32908,1.50,1.50
2011.05.12 04:29:12.124,1.32887,1.3291,1.50,1.50
2011.05.12 04:29:19.750,1.32889,1.32911,1.50,1.50
2011.05.12 04:29:26.962,1.32889,1.32911,1.50,1.50
2011.05.12 04:29:31.913,1.32889,1.32913,1.50,2.25
2011.05.12 04:29:32.242,1.32889,1.32906,1.50,1.13
2011.05.12 04:29:32.800,1.32889,1.32906,1.50,1.13
2011.05.12 04:29:37.981,1.32889,1.32906,1.50,1.13
2011.05.12 04:29:38.311,1.3289,1.32908,1.50,1.13
2011.05.12 04:29:41.067,1.3289,1.32908,1.50,1.13
2011.05.12 04:29:42.714,1.3289,1.32905,1.50,1.13
2011.05.12 04:29:42.825,1.32891,1.32905,1.50,1.13
2011.05.12 04:29:43.052,1.32879,1.32902,1.50,1.50
2011.05.12 04:29:43.712,1.32882,1.32905,1.50,1.17
2011.05.12 04:29:43.822,1.32882,1.32905,1.50,1.17
2011.05.12 04:29:44.151,1.32883,1.32905,1.50,1.17
2011.05.12 04:29:44.591,1.32872,1.32902,1.09,1.50
2011.05.12 04:29:44.700,1.32872,1.32905,1.09,1.92
2011.05.12 04:29:45.222,1.32872,1.32905,1.09,1.92
2011.05.12 04:29:45.732,1.32875,1.32905,1.50,1.13
2011.05.12 04:29:45.844,1.32879,1.32908,1.50,1.13
2011.05.12 04:29:46.173,1.32887,1.32914,1.09,1.50
2011.05.12 04:29:52.441,1.32887,1.32916,1.09,1.50
2011.05.12 04:29:54.141,1.32887,1.32916,1.09,1.50
2011.05.12 04:29:54.972,1.32886,1.32913,1.47,1.50
2011.05.12 04:29:55.902,1.32883,1.32912,1.09,1.50
2011.05.12 04:29:56.122,1.32883,1.32915,1.09,2.63
2011.05.12 04:29:58.553,1.32883,1.32915,1.09,1.88
2011.05.12 04:29:58.771,1.32883,1.32915,1.09,1.88
2011.05.12 04:30:00.812,1.32883,1.32915,1.09,1.88
2011.05.12 04:30:01.552,1.32883,1.32915,1.09,1.88
2011.05.12 04:30:01.661,1.32883,1.32913,1.09,1.50
2011.05.12 04:30:02.236,1.32883,1.32915,1.09,1.88
2011.05.12 04:30:04.882,1.32883,1.32914,1.09,1.50
2011.05.12 04:30:05.427,1.32883,1.32913,1.09,1.50
2011.05.12 04:30:08.641,1.32883,1.32913,1.09,1.50
2011.05.12 04:30:14.026,1.32883,1.32913,1.09,1.50
2011.05.12 04:30:14.570,1.32883,1.32914,1.09,1.50
2011.05.12 04:30:14.901,1.32883,1.32915,1.09,1.88
2011.05.12 04:30:15.341,1.32883,1.32915,1.09,1.88
2011.05.12 04:30:15.781,1.32883,1.32912,1.09,1.50
2011.05.12 04:30:18.381,1.32883,1.32913,1.09,1.50
2011.05.12 04:30:20.162,1.32884,1.32915,1.13,1.50
2011.05.12 04:30:21.147,1.32884,1.32915,1.13,1.50
2011.05.12 04:30:21.484,1.32883,1.32915,2.22,1.50
2011.05.12 04:30:33.221,1.32887,1.32915,1.50,1.50
2011.05.12 04:30:41.472,1.32882,1.32913,2.22,1.50
2011.05.12 04:30:41.912,1.32882,1.32911,1.09,1.50
2011.05.12 04:30:42.242,1.32883,1.32912,1.47,1.50
2011.05.12 04:30:42.573,1.3288,1.3291,1.47,1.50
2011.05.12 04:30:43.843,1.32882,1.32915,1.47,1.50
2011.05.12 04:30:43.953,1.32883,1.32915,1.84,1.50
2011.05.12 04:30:44.501,1.32886,1.32914,1.50,1.50
2011.05.12 04:30:45.472,1.32886,1.3291,1.50,1.50
2011.05.12 04:30:45.583,1.32882,1.32908,1.84,1.50
2011.05.12 04:30:45.693,1.32882,1.32904,1.84,1.88
2011.05.12 04:30:46.023,1.32872,1.32902,1.50,1.50
2011.05.12 04:30:46.543,1.3287,1.32902,2.25,1.50
2011.05.12 04:30:47.442,1.3287,1.32903,1.50,2.63
2011.05.12 04:30:47.883,1.3287,1.32902,2.25,1.50
2011.05.12 04:30:48.431,1.32869,1.32901,1.84,2.25
2011.05.12 04:30:49.932,1.32869,1.32901,1.09,2.25
2011.05.12 04:30:50.986,1.32869,1.32901,1.09,1.50
2011.05.12 04:30:51.324,1.32874,1.32901,1.09,1.50
2011.05.12 04:30:51.544,1.32874,1.32902,2.59,1.50
2011.05.12 04:30:51.762,1.32875,1.32904,2.25,2.63
2011.05.12 04:30:52.091,1.32876,1.32906,1.13,1.50
2011.05.12 04:30:53.492,1.32876,1.32906,1.13,1.50
2011.05.12 04:30:54.976,1.32876,1.32904,1.13,2.25
2011.05.12 04:30:55.532,1.32877,1.32907,1.13,1.50
2011.05.12 04:30:57.471,1.32877,1.32907,1.13,1.50
2011.05.12 04:30:58.019,1.32875,1.32907,1.88,1.50
2011.05.12 04:30:59.322,1.32876,1.32907,1.13,1.50
2011.05.12 04:31:00.697,1.32875,1.32904,1.88,2.25
2011.05.12 04:31:01.583,1.32875,1.32903,1.50,1.50
2011.05.12 04:31:01.914,1.3287,1.32901,1.09,1.50
2011.05.12 04:31:02.134,1.32868,1.32898,1.50,1.88
2011.05.12 04:31:02.352,1.32865,1.32897,2.59,1.50
2011.05.12 04:31:02.901,1.32865,1.32897,1.84,1.50
2011.05.12 04:31:06.052,1.32863,1.32894,1.13,1.50
2011.05.12 04:31:07.702,1.32862,1.32893,2.59,1.13
2011.05.12 04:31:08.251,1.32864,1.32898,1.50,1.88
2011.05.12 04:31:08.912,1.32862,1.32893,1.84,1.50
2011.05.12 04:31:10.183,1.32862,1.32888,1.09,1.50
2011.05.12 04:31:10.511,1.32859,1.32888,1.09,1.50
2011.05.12 04:31:12.257,1.32859,1.32888,1.84,1.50
2011.05.12 04:31:14.012,1.32859,1.32888,1.84,1.50
2011.05.12 04:31:14.763,1.32863,1.32891,1.50,1.50
2011.05.12 04:31:14.982,1.32863,1.32889,2.25,1.88
2011.05.12 04:31:15.311,1.32859,1.32887,1.84,1.50
2011.05.12 04:31:15.962,1.32859,1.32887,1.50,1.50
2011.05.12 04:31:18.251,1.32859,1.32891,1.50,1.13
2011.05.12 04:31:18.582,1.32861,1.32893,1.13,1.50
2011.05.12 04:31:19.131,1.32859,1.3289,2.22,1.50
2011.05.12 04:31:20.992,1.32859,1.32889,1.09,1.13
2011.05.12 04:31:21.892,1.32859,1.32889,2.59,1.13
2011.05.12 04:31:33.261,1.32859,1.32889,2.25,1.13
2011.05.12 04:31:33.702,1.32861,1.3289,1.09,1.13
2011.05.12 04:31:33.813,1.32861,1.3289,1.84,1.13
2011.05.12 04:31:37.923,1.32861,1.32893,1.09,1.13
2011.05.12 04:31:38.744,1.32861,1.32888,1.09,1.13
2011.05.12 04:31:38.868,1.32859,1.32888,2.59,1.13
2011.05.12 04:31:39.692,1.32859,1.32884,2.59,1.13
2011.05.12 04:31:39.802,1.32859,1.32883,1.84,1.13
2011.05.12 04:31:40.352,1.32857,1.32883,1.09,1.13
2011.05.12 04:31:40.792,1.32857,1.32883,1.50,1.13
2011.05.12 04:31:40.902,1.32857,1.32883,1.50,1.13
2011.05.12 04:31:41.451,1.32856,1.32883,2.25,1.13
2011.05.12 04:31:42.592,1.32857,1.32883,1.50,1.13
2011.05.12 04:31:42.701,1.32858,1.32883,1.50,1.13
2011.05.12 04:31:42.811,1.32858,1.32883,1.50,1.13
2011.05.12 04:31:45.603,1.32859,1.32883,1.50,1.13
2011.05.12 04:31:45.823,1.32864,1.32889,1.84,1.13
2011.05.12 04:31:46.045,1.32865,1.32893,1.50,1.13
2011.05.12 04:31:46.162,1.32864,1.32893,1.09,1.13
2011.05.12 04:31:47.146,1.32864,1.32893,1.09,2.63
2011.05.12 04:31:49.452,1.32864,1.32893,1.09,2.63
2011.05.12 04:31:51.322,1.32864,1.32893,1.09,2.63
2011.05.12 04:31:57.975,1.32864,1.32893,1.09,2.63
2011.05.12 04:31:58.852,1.32864,1.32893,1.09,2.63
2011.05.12 04:31:59.301,1.32864,1.32893,1.09,2.63
2011.05.12 04:32:11.973,1.32864,1.32893,1.09,2.63
2011.05.12 04:32:12.695,1.32864,1.32893,1.09,2.63
2011.05.12 04:32:12.812,1.32864,1.32893,1.09,2.63
2011.05.12 04:32:13.952,1.32862,1.32892,1.09,1.50
2011.05.12 04:32:16.971,1.32862,1.32892,1.84,1.50
2011.05.12 04:32:17.303,1.32862,1.32887,1.09,1.13
2011.05.12 04:32:17.635,1.32851,1.32881,1.50,1.50
2011.05.12 04:32:17.743,1.32851,1.32879,1.50,1.50
2011.05.12 04:32:18.742,1.32847,1.32874,1.09,1.50
2011.05.12 04:32:25.123,1.32848,1.32874,1.09,1.50
2011.05.12 04:32:25.454,1.32853,1.32878,1.09,1.50
2011.05.12 04:32:25.962,1.32851,1.32878,1.84,1.50
2011.05.12 04:32:26.081,1.32846,1.32878,1.13,1.50
2011.05.12 04:32:27.503,1.32846,1.32877,1.13,1.50
2011.05.12 04:32:27.613,1.32843,1.32872,1.09,1.50
2011.05.12 04:32:27.723,1.32841,1.32868,1.47,1.13
2011.05.12 04:32:27.833,1.32838,1.32868,2.10,1.13
2011.05.12 04:32:27.942,1.32841,1.32868,1.50,1.13
2011.05.12 04:32:28.382,1.32841,1.32868,1.50,1.13
2011.05.12 04:32:28.602,1.32841,1.32869,1.50,1.13
2011.05.12 04:32:31.613,1.32843,1.32869,1.50,1.13
2011.05.12 04:32:32.872,1.32842,1.32869,1.50,1.13
2011.05.12 04:32:33.094,1.32842,1.32871,1.50,2.25
2011.05.12 04:32:33.635,1.32842,1.32869,1.50,1.13
2011.05.12 04:32:40.106,1.32841,1.32869,1.50,1.13
2011.05.12 04:32:40.442,1.3284,1.32868,1.50,1.13
2011.05.12 04:32:40.664,1.32838,1.32868,3.72,1.50
2011.05.12 04:32:40.896,1.32838,1.32863,2.97,1.13
2011.05.12 04:32:41.233,1.32838,1.32863,2.22,1.13
2011.05.12 04:32:42.202,1.32838,1.32863,2.22,1.13
2011.05.12 04:32:44.472,1.32838,1.32863,2.22,1.13
2011.05.12 04:32:50.362,1.32838,1.32863,2.22,1.13
2011.05.12 04:32:51.651,1.32838,1.32863,2.22,1.13
2011.05.12 04:32:53.433,1.32838,1.32863,2.97,1.13
2011.05.12 04:32:53.963,1.32838,1.32865,3.72,1.13
2011.05.12 04:32:54.517,1.32842,1.32867,1.50,1.13
2011.05.12 04:32:55.283,1.32842,1.32867,1.50,1.13
2011.05.12 04:32:55.502,1.3284,1.32867,1.50,1.13
2011.05.12 04:32:59.222,1.3284,1.32867,1.50,1.13
2011.05.12 04:33:00.183,1.32841,1.32867,1.50,1.13
2011.05.12 04:33:00.513,1.32843,1.32875,1.47,2.63
2011.05.12 04:33:00.625,1.32848,1.32876,1.13,1.50
2011.05.12 04:33:00.853,1.3285,1.3288,1.50,1.88
2011.05.12 04:33:00.963,1.32854,1.3288,1.09,1.88
2011.05.12 04:33:01.075,1.32855,1.3288,1.09,1.88
2011.05.12 04:33:03.752,1.32852,1.32885,1.47,1.50
2011.05.12 04:33:07.113,1.32852,1.32885,1.09,1.50
2011.05.12 04:33:07.441,1.32852,1.32885,1.09,1.50
2011.05.12 04:33:07.663,1.32852,1.32885,1.09,1.88
2011.05.12 04:33:07.882,1.32849,1.32881,1.09,1.50
2011.05.12 04:33:10.733,1.32849,1.32881,1.47,1.50
2011.05.12 04:33:11.062,1.32853,1.32881,1.09,1.50
2011.05.12 04:33:14.321,1.32855,1.32885,1.09,1.88
2011.05.12 04:33:14.542,1.32851,1.32881,1.09,1.13
2011.05.12 04:33:14.765,1.32846,1.32876,1.50,1.13
2011.05.12 04:33:14.883,1.32845,1.32875,2.25,1.13
2011.05.12 04:33:15.215,1.32843,1.32868,1.84,1.13
2011.05.12 04:33:15.772,1.32838,1.32868,1.09,1.88
2011.05.12 04:33:17.263,1.32839,1.32868,1.09,1.88
2011.05.12 04:33:19.125,1.32837,1.32868,2.97,1.50
2011.05.12 04:33:20.398,1.32838,1.32868,1.13,1.50
2011.05.12 04:33:20.732,1.32839,1.3287,1.50,1.13
2011.05.12 04:33:21.062,1.32839,1.3287,1.50,1.13
2011.05.12 04:33:25.303,1.32839,1.32871,1.50,1.13
2011.05.12 04:33:25.641,1.32839,1.32871,1.50,1.13
2011.05.12 04:33:26.563,1.32839,1.32871,1.50,1.13
2011.05.12 04:33:27.204,1.32839,1.32871,1.50,1.13
2011.05.12 04:33:29.971,1.32839,1.32871,1.50,1.13
2011.05.12 04:33:30.311,1.32839,1.32871,1.50,1.13
2011.05.12 04:33:30.531,1.32839,1.32871,1.50,1.13
2011.05.12 04:33:30.921,1.32839,1.32871,1.50,1.13
2011.05.12 04:33:32.884,1.32839,1.32871,1.50,1.13
2011.05.12 04:33:33.555,1.32839,1.32871,1.50,1.13
2011.05.12 04:33:33.844,1.3285,1.32872,1.09,1.13
2011.05.12 04:33:34.063,1.32854,1.32879,1.50,1.50
2011.05.12 04:33:34.173,1.32855,1.32881,1.50,1.88
2011.05.12 04:33:34.284,1.32855,1.32881,1.50,1.13
2011.05.12 04:33:34.868,1.32852,1.32883,1.50,1.13
2011.05.12 04:33:35.095,1.32846,1.32876,2.85,1.13
2011.05.12 04:33:35.213,1.32845,1.32876,1.50,1.13
2011.05.12 04:33:35.984,1.32846,1.32876,1.50,1.13
2011.05.12 04:33:36.532,1.32845,1.32876,2.25,1.13
2011.05.12 04:33:40.593,1.32848,1.32876,1.50,1.13
2011.05.12 04:33:41.144,1.32848,1.32876,1.50,1.13
2011.05.12 04:33:41.802,1.32844,1.32876,2.25,1.13
2011.05.12 04:33:41.912,1.32844,1.32876,2.25,1.13
2011.05.12 04:33:42.241,1.32844,1.32876,2.25,1.13
2011.05.12 04:33:51.871,1.32844,1.32876,3.00,1.13
2011.05.12 04:33:52.205,1.32844,1.32876,3.00,1.13
2011.05.12 04:33:56.164,1.32844,1.32876,3.00,1.13
2011.05.12 04:33:56.602,1.32844,1.32876,3.00,1.13
2011.05.12 04:34:00.622,1.32845,1.32876,1.50,1.13
2011.05.12 04:34:01.664,1.32845,1.32876,1.50,1.13
2011.05.12 04:34:01.892,1.32846,1.32876,2.25,1.13
2011.05.12 04:34:02.551,1.32844,1.32876,2.25,1.13
2011.05.12 04:34:03.365,1.32846,1.32876,1.50,1.13
2011.05.12 04:34:05.252,1.32846,1.32876,1.50,1.13
2011.05.12 04:34:10.909,1.32849,1.32881,1.09,1.13
2011.05.12 04:34:11.030,1.32854,1.32887,1.13,1.50
2011.05.12 04:34:11.364,1.32853,1.32888,2.63,1.13
2011.05.12 04:34:13.181,1.32857,1.32888,1.50,1.13
2011.05.12 04:34:15.693,1.32857,1.32888,2.25,1.13
2011.05.12 04:34:16.292,1.32857,1.32888,1.50,1.13
2011.05.12 04:34:22.034,1.32854,1.32888,1.13,1.13
2011.05.12 04:34:22.704,1.32857,1.32888,1.50,1.13
2011.05.12 04:34:23.783,1.32858,1.32891,1.13,1.50
2011.05.12 04:34:23.893,1.32857,1.32891,3.38,1.13
2011.05.12 04:34:25.123,1.32858,1.32891,1.13,1.13
2011.05.12 04:34:27.742,1.32858,1.32891,1.13,1.13
2011.05.12 04:34:37.504,1.32858,1.32891,1.88,1.13
2011.05.12 04:34:39.593,1.32857,1.32888,3.75,1.13
2011.05.12 04:34:39.812,1.32854,1.32888,2.63,1.13
2011.05.12 04:34:40.474,1.32855,1.32892,1.13,1.50
2011.05.12 04:34:40.804,1.3286,1.32892,1.13,1.13
2011.05.12 04:34:41.027,1.32866,1.32899,1.09,1.13
2011.05.12 04:34:41.254,1.32867,1.32899,1.84,1.13
2011.05.12 04:34:42.022,1.32867,1.32899,1.84,1.13
2011.05.12 04:34:42.893,1.32867,1.32899,1.84,1.13
