2011.05.23 11:00:00.269,1.3196,1.31979,1.50,1.50
2011.05.23 11:00:00.376,1.31958,1.31979,2.25,1.50
2011.05.23 11:00:00.487,1.31956,1.31979,1.50,2.25
2011.05.23 11:00:00.596,1.31956,1.31978,1.50,1.24
2011.05.23 11:00:00.818,1.31956,1.31979,1.50,2.74
2011.05.23 11:00:01.149,1.31956,1.31978,1.50,1.09
2011.05.23 11:00:01.379,1.31951,1.31975,1.50,1.50
2011.05.23 11:00:01.707,1.31951,1.31975,1.50,1.50
2011.05.23 11:00:02.257,1.31953,1.31975,1.50,1.50
2011.05.23 11:00:02.834,1.31959,1.31977,1.50,2.25
2011.05.23 11:00:02.949,1.31961,1.31978,1.50,1.50
2011.05.23 11:00:03.178,1.31961,1.31979,1.50,1.84
2011.05.23 11:00:03.509,1.3197,1.31984,1.50,3.00
2011.05.23 11:00:03.853,1.31967,1.31984,1.50,2.25
2011.05.23 11:00:04.188,1.31963,1.31979,1.50,1.09
2011.05.23 11:00:04.521,1.31952,1.31969,1.50,1.09
2011.05.23 11:00:04.862,1.31952,1.31969,1.50,1.09
2011.05.23 11:00:04.979,1.31952,1.31969,1.50,1.09
2011.05.23 11:00:05.099,1.31956,1.31969,1.50,1.09
2011.05.23 11:00:05.879,1.31948,1.31968,1.50,1.50
2011.05.23 11:00:06.758,1.31948,1.31968,1.50,1.50
2011.05.23 11:00:06.872,1.31948,1.31968,1.50,1.50
2011.05.23 11:00:07.208,1.31948,1.31969,1.50,2.25
2011.05.23 11:00:12.018,1.31948,1.31965,1.50,2.25
2011.05.23 11:00:12.514,1.31948,1.31963,1.50,1.50
2011.05.23 11:00:12.957,1.31949,1.31968,1.50,2.25
2011.05.23 11:00:13.508,1.31951,1.31968,1.50,1.50
2011.05.23 11:00:14.716,1.31951,1.31969,1.50,1.50
2011.05.23 11:00:14.935,1.31952,1.31971,1.50,1.50
2011.05.23 11:00:15.266,1.31952,1.31969,1.50,1.50
2011.05.23 11:00:15.376,1.31952,1.31969,1.50,1.50
2011.05.23 11:00:16.146,1.3195,1.31971,2.25,1.50
2011.05.23 11:00:17.029,1.3195,1.3197,1.50,1.50
2011.05.23 11:00:17.706,1.3195,1.3197,1.50,1.50
2011.05.23 11:00:18.256,1.3195,1.31969,1.50,1.50
2011.05.23 11:00:18.866,1.3195,1.31968,1.50,1.50
2011.05.23 11:00:18.976,1.3195,1.3197,1.50,1.50
2011.05.23 11:00:19.087,1.3195,1.3197,1.50,1.50
2011.05.23 11:00:20.298,1.3195,1.31968,1.50,1.50
2011.05.23 11:00:23.409,1.3195,1.31969,1.50,1.50
2011.05.23 11:00:23.956,1.3195,1.31969,1.50,1.50
2011.05.23 11:00:24.506,1.3195,1.31969,1.50,2.25
2011.05.23 11:00:25.997,1.3195,1.31965,1.50,1.50
2011.05.23 11:00:26.326,1.3195,1.31967,1.50,1.84
2011.05.23 11:00:26.546,1.31948,1.31967,1.50,1.09
2011.05.23 11:00:27.097,1.3195,1.31968,1.50,1.50
2011.05.23 11:00:27.649,1.31951,1.31966,1.50,1.50
2011.05.23 11:00:28.307,1.31946,1.31963,2.18,1.50
2011.05.23 11:00:28.914,1.31946,1.31963,1.13,1.50
2011.05.23 11:00:29.247,1.31946,1.31963,1.13,1.50
2011.05.23 11:00:29.583,1.31943,1.31963,2.55,1.50
2011.05.23 11:00:30.356,1.31943,1.31963,1.80,1.50
2011.05.23 11:00:30.907,1.31944,1.31963,1.13,1.50
2011.05.23 11:00:31.897,1.31946,1.31963,1.88,1.50
2011.05.23 11:00:32.887,1.31947,1.31963,2.18,1.50
2011.05.23 11:00:33.216,1.3195,1.31963,1.13,1.50
2011.05.23 11:00:33.327,1.31948,1.31971,1.88,1.50
2011.05.23 11:00:33.877,1.3195,1.31973,1.13,1.50
2011.05.23 11:00:34.096,1.3195,1.31973,1.13,1.50
2011.05.23 11:00:35.967,1.31948,1.31972,1.13,1.50
2011.05.23 11:00:36.186,1.31947,1.31971,1.13,1.50
2011.05.23 11:00:36.297,1.31945,1.31971,2.18,1.50
2011.05.23 11:00:36.626,1.31943,1.31968,1.13,1.50
2011.05.23 11:00:36.849,1.31941,1.31966,1.09,2.25
2011.05.23 11:00:37.177,1.31939,1.31966,1.09,3.00
2011.05.23 11:00:37.726,1.31941,1.31964,1.09,3.75
2011.05.23 11:00:38.277,1.31939,1.31963,1.50,1.50
2011.05.23 11:00:38.387,1.31938,1.31963,2.25,1.50
2011.05.23 11:00:38.607,1.31936,1.31962,2.25,2.25
2011.05.23 11:00:39.048,1.31935,1.31956,1.50,1.50
2011.05.23 11:00:39.157,1.31934,1.31956,1.50,1.50
2011.05.23 11:00:39.267,1.31932,1.31956,1.50,1.50
2011.05.23 11:00:39.377,1.31928,1.31951,3.00,1.50
2011.05.23 11:00:39.486,1.31928,1.31951,2.25,1.50
2011.05.23 11:00:39.989,1.31924,1.31951,2.93,1.50
2011.05.23 11:00:40.537,1.31924,1.31951,2.93,1.50
2011.05.23 11:00:40.648,1.31924,1.31951,3.68,1.50
2011.05.23 11:00:40.977,1.31928,1.31951,2.18,1.50
2011.05.23 11:00:41.309,1.31922,1.31947,1.84,1.50
2011.05.23 11:00:41.639,1.31921,1.31944,1.50,1.50
2011.05.23 11:00:42.197,1.31919,1.31943,1.50,1.50
2011.05.23 11:00:42.528,1.31918,1.31942,1.50,2.25
2011.05.23 11:00:43.296,1.31918,1.31941,1.50,1.50
2011.05.23 11:00:43.628,1.31916,1.31939,2.25,1.50
2011.05.23 11:00:43.737,1.31916,1.31939,1.50,1.50
2011.05.23 11:00:44.281,1.31909,1.3193,1.50,1.50
2011.05.23 11:00:44.618,1.31904,1.31924,1.50,1.50
2011.05.23 11:00:44.838,1.31897,1.31921,3.00,1.50
2011.05.23 11:00:45.386,1.31896,1.31921,2.25,1.50
2011.05.23 11:00:46.156,1.31896,1.31922,2.25,1.50
2011.05.23 11:00:46.716,1.31896,1.31924,3.00,1.84
2011.05.23 11:00:46.937,1.31903,1.31925,1.50,2.52
2011.05.23 11:00:47.268,1.31905,1.31928,1.50,2.18
2011.05.23 11:00:47.816,1.31907,1.31931,2.25,1.50
2011.05.23 11:00:47.928,1.31907,1.31926,2.25,1.43
2011.05.23 11:00:48.037,1.31906,1.31932,1.50,1.50
2011.05.23 11:00:48.476,1.31907,1.31931,1.50,1.50
2011.05.23 11:00:48.917,1.31903,1.3193,1.50,1.50
2011.05.23 11:00:49.139,1.31902,1.3193,2.25,1.73
2011.05.23 11:00:49.247,1.31905,1.31928,1.50,1.50
2011.05.23 11:00:49.905,1.31905,1.3193,1.50,2.25
2011.05.23 11:00:50.926,1.319,1.31924,1.50,1.50
2011.05.23 11:00:51.038,1.319,1.31924,1.50,3.75
2011.05.23 11:00:51.258,1.31903,1.31924,2.25,1.50
2011.05.23 11:00:51.806,1.31905,1.31928,1.50,1.50
2011.05.23 11:00:52.246,1.31903,1.31927,1.50,1.50
2011.05.23 11:00:52.796,1.31906,1.3193,1.50,1.50
2011.05.23 11:00:53.567,1.31907,1.31932,1.50,1.50
2011.05.23 11:00:54.446,1.31905,1.3193,1.50,1.73
2011.05.23 11:00:54.998,1.31902,1.31928,2.25,2.25
2011.05.23 11:00:55.326,1.31902,1.31928,2.25,2.25
2011.05.23 11:00:55.547,1.31902,1.31927,1.50,1.50
2011.05.23 11:00:56.096,1.31902,1.31928,1.50,3.90
2011.05.23 11:00:56.538,1.31897,1.31921,1.50,1.50
2011.05.23 11:00:56.648,1.31894,1.3192,1.50,1.50
2011.05.23 11:00:57.209,1.31894,1.3192,1.50,1.50
2011.05.23 11:00:58.088,1.31893,1.3192,2.25,2.18
2011.05.23 11:00:59.187,1.31893,1.3192,3.00,2.18
2011.05.23 11:00:59.627,1.31894,1.31913,1.50,1.43
2011.05.23 11:00:59.736,1.31893,1.31913,2.25,1.43
2011.05.23 11:00:59.849,1.31893,1.31919,1.50,3.90
2011.05.23 11:01:00.176,1.31893,1.31919,1.50,3.15
2011.05.23 11:01:00.286,1.31893,1.31919,1.50,3.15
2011.05.23 11:01:01.386,1.31892,1.3191,2.25,1.13
2011.05.23 11:01:01.497,1.31891,1.3191,1.50,1.88
2011.05.23 11:01:01.608,1.31884,1.31907,1.50,2.25
2011.05.23 11:01:01.718,1.31882,1.31904,2.25,1.84
2011.05.23 11:01:01.829,1.31879,1.31902,2.25,1.50
2011.05.23 11:01:02.497,1.31875,1.31895,1.50,2.18
2011.05.23 11:01:02.826,1.31876,1.31899,1.50,2.18
2011.05.23 11:01:02.936,1.31875,1.31894,1.50,1.50
2011.05.23 11:01:04.675,1.31875,1.31894,1.50,2.25
2011.05.23 11:01:05.020,1.31882,1.31904,1.50,3.23
2011.05.23 11:01:05.140,1.31882,1.31904,1.50,3.00
2011.05.23 11:01:05.480,1.31882,1.31904,1.50,3.00
2011.05.23 11:01:05.599,1.31882,1.31904,1.50,2.25
2011.05.23 11:01:05.719,1.31883,1.31904,1.50,2.25
2011.05.23 11:01:06.158,1.31883,1.31903,1.50,1.50
2011.05.23 11:01:06.706,1.3188,1.31899,1.09,1.50
2011.05.23 11:01:07.256,1.3188,1.31899,1.09,1.78
2011.05.23 11:01:07.806,1.31879,1.31899,1.09,1.78
2011.05.23 11:01:08.355,1.31879,1.31899,1.50,1.03
2011.05.23 11:01:08.686,1.31878,1.31898,1.50,1.03
2011.05.23 11:01:09.126,1.31876,1.31899,1.50,1.03
2011.05.23 11:01:09.706,1.31874,1.31898,3.27,1.03
2011.05.23 11:01:09.817,1.31874,1.31898,1.13,1.03
2011.05.23 11:01:10.662,1.31877,1.31898,1.50,1.03
2011.05.23 11:01:11.008,1.31882,1.31899,1.50,1.03
2011.05.23 11:01:11.336,1.31882,1.31898,2.18,1.03
2011.05.23 11:01:11.555,1.31882,1.31899,2.18,1.03
2011.05.23 11:01:12.106,1.31884,1.319,1.09,1.03
2011.05.23 11:01:12.876,1.31885,1.319,1.09,1.03
2011.05.23 11:01:13.758,1.31882,1.319,2.52,1.03
2011.05.23 11:01:13.869,1.31882,1.31897,2.18,1.50
2011.05.23 11:01:14.096,1.31873,1.31894,1.09,1.03
2011.05.23 11:01:14.317,1.31873,1.31894,1.09,1.03
2011.05.23 11:01:14.428,1.31869,1.31892,3.68,1.50
2011.05.23 11:01:14.868,1.31867,1.31892,3.75,1.50
2011.05.23 11:01:16.738,1.31867,1.31893,3.75,1.50
2011.05.23 11:01:17.331,1.31867,1.31892,3.00,1.50
2011.05.23 11:01:17.886,1.31869,1.31892,1.50,1.50
2011.05.23 11:01:19.978,1.31868,1.31893,1.50,2.25
2011.05.23 11:01:20.090,1.31867,1.31891,2.25,1.50
2011.05.23 11:01:20.208,1.31865,1.31892,2.59,2.25
2011.05.23 11:01:20.426,1.31865,1.31892,1.84,2.25
2011.05.23 11:01:20.867,1.31865,1.31892,1.84,1.50
2011.05.23 11:01:21.746,1.31866,1.31892,2.25,1.50
2011.05.23 11:01:23.218,1.31866,1.31891,1.50,1.50
2011.05.23 11:01:23.441,1.31866,1.3189,1.50,1.50
2011.05.23 11:01:23.670,1.31862,1.31888,3.00,1.50
2011.05.23 11:01:24.226,1.31867,1.3189,1.50,3.75
2011.05.23 11:01:24.558,1.31885,1.31898,1.43,1.03
2011.05.23 11:01:24.668,1.31887,1.31904,1.43,2.01
2011.05.23 11:01:24.779,1.31886,1.31907,2.18,1.03
2011.05.23 11:01:25.006,1.31889,1.3191,1.43,1.50
2011.05.23 11:01:25.116,1.31886,1.3191,2.18,1.50
2011.05.23 11:01:25.451,1.31886,1.31912,1.09,1.50
2011.05.23 11:01:25.567,1.31885,1.3191,2.52,1.50
2011.05.23 11:01:26.136,1.31886,1.3191,1.09,1.50
2011.05.23 11:01:27.829,1.31886,1.31909,1.09,1.50
2011.05.23 11:01:27.949,1.31883,1.31909,2.25,1.50
2011.05.23 11:01:28.542,1.31885,1.31912,2.18,1.50
2011.05.23 11:01:29.226,1.31887,1.31912,1.50,1.50
2011.05.23 11:01:30.518,1.31888,1.31912,1.50,1.03
2011.05.23 11:01:30.957,1.3189,1.31914,1.50,3.00
2011.05.23 11:01:31.288,1.31892,1.31914,1.50,1.50
2011.05.23 11:01:31.617,1.31892,1.31919,1.50,2.25
2011.05.23 11:01:32.166,1.31892,1.31919,1.50,2.25
2011.05.23 11:01:32.276,1.31892,1.31916,1.50,1.50
2011.05.23 11:01:32.386,1.31892,1.31916,1.50,1.50
2011.05.23 11:01:32.497,1.31892,1.31918,1.50,1.50
2011.05.23 11:01:33.047,1.31896,1.31919,2.18,1.50
2011.05.23 11:01:33.376,1.31896,1.3192,2.18,1.24
2011.05.23 11:01:33.487,1.31901,1.31922,2.93,1.24
2011.05.23 11:01:33.599,1.31905,1.31924,1.43,1.03
2011.05.23 11:01:34.232,1.31905,1.31928,2.18,1.52
2011.05.23 11:01:34.354,1.31902,1.3192,1.50,1.09
2011.05.23 11:01:34.579,1.31896,1.31919,2.25,1.09
2011.05.23 11:01:35.137,1.31898,1.31919,1.50,1.84
2011.05.23 11:01:35.247,1.31898,1.31918,1.50,1.50
2011.05.23 11:01:35.799,1.31895,1.31923,1.50,4.24
2011.05.23 11:01:36.126,1.31895,1.31921,1.50,1.99
2011.05.23 11:01:36.676,1.31896,1.31921,1.50,1.24
2011.05.23 11:01:37.117,1.31896,1.31919,1.50,2.25
2011.05.23 11:01:37.447,1.31895,1.31915,1.50,1.50
2011.05.23 11:01:37.666,1.31891,1.31915,1.50,1.50
2011.05.23 11:01:40.085,1.3189,1.31915,1.50,2.25
2011.05.23 11:01:40.938,1.3189,1.31915,1.50,2.25
2011.05.23 11:01:41.054,1.3189,1.31914,2.25,1.50
2011.05.23 11:01:41.606,1.31888,1.31913,3.30,1.50
2011.05.23 11:01:41.717,1.31888,1.31912,2.93,1.50
2011.05.23 11:01:43.146,1.3189,1.31912,1.50,1.50
2011.05.23 11:01:43.478,1.31888,1.31912,2.25,1.50
2011.05.23 11:01:43.918,1.31887,1.3191,3.00,1.50
2011.05.23 11:01:44.467,1.31887,1.3191,2.25,1.50
2011.05.23 11:01:45.126,1.31887,1.3191,3.00,1.50
2011.05.23 11:01:46.100,1.31888,1.3191,1.50,1.50
2011.05.23 11:01:46.587,1.31888,1.31911,1.50,1.50
2011.05.23 11:01:46.696,1.31887,1.31911,3.00,1.50
2011.05.23 11:01:47.135,1.31889,1.31912,1.50,1.50
2011.05.23 11:01:48.346,1.31888,1.31911,2.25,1.50
2011.05.23 11:01:48.788,1.31891,1.31914,1.50,1.50
2011.05.23 11:01:49.337,1.31891,1.31915,2.25,1.50
2011.05.23 11:01:49.777,1.31892,1.31917,1.50,1.50
2011.05.23 11:01:49.998,1.31893,1.31918,2.25,1.50
2011.05.23 11:01:50.545,1.31893,1.31918,2.25,2.25
2011.05.23 11:01:50.776,1.31893,1.31918,2.25,2.25
2011.05.23 11:01:52.317,1.31893,1.31918,2.25,1.50
2011.05.23 11:01:52.945,1.31895,1.31919,1.50,2.25
2011.05.23 11:01:53.496,1.31892,1.31919,4.43,1.50
2011.05.23 11:01:53.937,1.31897,1.3192,1.50,1.50
2011.05.23 11:01:54.487,1.319,1.31922,1.09,1.50
2011.05.23 11:01:55.147,1.319,1.31923,1.84,1.50
2011.05.23 11:01:55.259,1.31903,1.31928,2.59,1.78
2011.05.23 11:01:55.477,1.31904,1.31928,2.25,1.03
2011.05.23 11:01:56.139,1.31903,1.3192,1.50,1.50
2011.05.23 11:01:56.359,1.31899,1.3192,2.93,2.25
2011.05.23 11:01:56.578,1.31897,1.31917,2.25,1.50
2011.05.23 11:01:56.908,1.31889,1.31909,1.50,1.50
2011.05.23 11:01:57.127,1.31886,1.31909,1.50,1.50
2011.05.23 11:01:57.347,1.31887,1.31909,1.50,1.50
2011.05.23 11:01:57.677,1.31886,1.31908,1.50,1.50
2011.05.23 11:01:58.226,1.31883,1.31905,1.50,1.50
2011.05.23 11:02:00.007,1.31885,1.3191,1.50,1.24
2011.05.23 11:02:00.754,1.31885,1.31911,1.50,1.50
2011.05.23 11:02:00.870,1.31886,1.31912,1.50,2.25
2011.05.23 11:02:01.209,1.31889,1.31914,1.50,3.00
2011.05.23 11:02:01.539,1.3189,1.31914,1.50,1.50
2011.05.23 11:02:02.087,1.31889,1.31915,2.25,1.50
2011.05.23 11:02:02.309,1.31889,1.31915,2.25,1.50
2011.05.23 11:02:02.749,1.31889,1.31913,1.50,1.50
2011.05.23 11:02:03.307,1.31885,1.31907,2.25,2.25
2011.05.23 11:02:03.639,1.31881,1.31903,1.50,1.50
2011.05.23 11:02:03.969,1.31879,1.31903,1.50,2.93
2011.05.23 11:02:04.190,1.31882,1.31903,1.50,2.18
2011.05.23 11:02:04.419,1.31882,1.31904,3.68,2.25
2011.05.23 11:02:04.530,1.31883,1.31904,1.84,1.50
2011.05.23 11:02:05.224,1.31883,1.3191,1.84,1.50
2011.05.23 11:02:05.345,1.31887,1.31914,1.50,2.25
2011.05.23 11:02:05.570,1.31892,1.31914,1.50,2.25
2011.05.23 11:02:07.336,1.31892,1.31914,1.50,2.25
2011.05.23 11:02:07.886,1.31892,1.31914,1.50,2.25
2011.05.23 11:02:08.326,1.31892,1.31914,1.50,2.25
2011.05.23 11:02:08.658,1.3189,1.31908,1.50,1.50
2011.05.23 11:02:08.767,1.31886,1.31908,1.50,1.84
2011.05.23 11:02:08.987,1.31885,1.31906,1.50,1.50
2011.05.23 11:02:09.098,1.31889,1.3191,1.50,1.58
2011.05.23 11:02:09.207,1.31889,1.31904,1.50,1.43
2011.05.23 11:02:09.316,1.31889,1.31914,1.50,3.34
2011.05.23 11:02:11.230,1.3189,1.31913,1.50,1.50
2011.05.23 11:02:11.705,1.3189,1.31914,1.50,3.08
2011.05.23 11:02:12.037,1.3189,1.31914,1.50,2.59
2011.05.23 11:02:12.524,1.3189,1.31914,1.50,2.25
2011.05.23 11:02:12.746,1.31891,1.31914,1.50,2.25
2011.05.23 11:02:13.297,1.31891,1.31914,1.50,2.25
2011.05.23 11:02:13.846,1.31891,1.31914,1.50,2.25
2011.05.23 11:02:14.858,1.3189,1.31914,1.50,2.25
2011.05.23 11:02:15.407,1.31888,1.31912,2.25,1.50
2011.05.23 11:02:16.288,1.31894,1.31918,1.50,1.50
2011.05.23 11:02:16.727,1.31894,1.31921,1.50,2.48
2011.05.23 11:02:17.276,1.31894,1.31918,2.93,1.50
2011.05.23 11:02:17.998,1.31894,1.31914,3.68,1.09
2011.05.23 11:02:18.329,1.31903,1.31923,2.18,3.23
2011.05.23 11:02:18.439,1.31898,1.31923,2.25,1.73
2011.05.23 11:02:18.659,1.31906,1.31924,2.18,2.25
2011.05.23 11:02:19.205,1.31902,1.31924,2.18,2.25
2011.05.23 11:02:20.440,1.31902,1.31924,1.50,1.50
2011.05.23 11:02:20.787,1.31906,1.31929,2.18,1.50
2011.05.23 11:02:21.337,1.31904,1.3193,2.93,1.50
2011.05.23 11:02:21.885,1.31904,1.3193,2.93,1.50
2011.05.23 11:02:22.825,1.31904,1.31929,2.18,1.50
2011.05.23 11:02:23.159,1.31898,1.31921,3.75,1.50
2011.05.23 11:02:23.926,1.31898,1.31919,3.00,1.50
2011.05.23 11:02:24.038,1.31898,1.31919,3.00,1.50
2011.05.23 11:02:24.257,1.31898,1.31919,3.00,1.50
2011.05.23 11:02:27.196,1.31898,1.31919,2.25,1.50
2011.05.23 11:02:28.730,1.31895,1.31921,1.50,1.50
2011.05.23 11:02:28.848,1.31894,1.31919,1.84,1.50
2011.05.23 11:02:29.287,1.31892,1.31919,1.50,1.50
2011.05.23 11:02:29.835,1.31893,1.31918,1.50,1.50
2011.05.23 11:02:30.387,1.31894,1.31917,2.18,1.50
2011.05.23 11:02:31.156,1.31893,1.31917,1.50,1.50
2011.05.23 11:02:31.706,1.31893,1.31918,1.50,1.50
2011.05.23 11:02:32.498,1.31893,1.31911,1.50,1.50
2011.05.23 11:02:32.829,1.31891,1.31913,2.25,1.50
2011.05.23 11:02:33.048,1.31891,1.31913,2.25,1.50
2011.05.23 11:02:33.824,1.31891,1.31913,2.25,2.25
2011.05.23 11:02:34.376,1.31891,1.31913,2.25,2.25
2011.05.23 11:02:34.818,1.31891,1.3191,1.50,1.50
2011.05.23 11:02:34.927,1.3189,1.31906,2.25,2.18
2011.05.23 11:02:35.038,1.31889,1.31904,1.50,1.50
2011.05.23 11:02:35.368,1.31879,1.31903,1.50,1.84
2011.05.23 11:02:35.478,1.31885,1.31903,1.43,1.09
2011.05.23 11:02:35.698,1.31883,1.31904,1.84,1.50
2011.05.23 11:02:36.138,1.31887,1.31909,2.18,1.50
2011.05.23 11:02:36.248,1.31887,1.31908,2.18,1.50
2011.05.23 11:02:36.855,1.31885,1.31908,2.25,1.50
2011.05.23 11:02:37.409,1.31883,1.31908,1.50,2.18
2011.05.23 11:02:39.827,1.31884,1.31908,1.50,1.43
2011.05.23 11:02:39.939,1.31886,1.31911,1.50,1.50
2011.05.23 11:02:40.598,1.31886,1.31909,1.50,1.50
2011.05.23 11:02:40.820,1.31881,1.31907,1.50,1.50
2011.05.23 11:02:43.716,1.3188,1.31904,1.50,1.50
2011.05.23 11:02:44.926,1.3188,1.31904,1.50,2.25
2011.05.23 11:02:45.148,1.31888,1.31909,1.84,2.67
2011.05.23 11:02:45.655,1.3189,1.31909,1.50,1.92
2011.05.23 11:02:45.772,1.31893,1.31918,1.50,1.50
2011.05.23 11:02:46.548,1.31894,1.31918,1.50,1.50
2011.05.23 11:02:47.137,1.31895,1.31918,1.50,1.50
2011.05.23 11:02:47.685,1.31895,1.31918,1.50,1.50
2011.05.23 11:02:48.676,1.31894,1.31917,1.50,1.50
2011.05.23 11:02:49.336,1.31895,1.3192,1.50,1.50
2011.05.23 11:02:49.895,1.31895,1.3192,1.50,1.50
2011.05.23 11:02:50.665,1.31895,1.3192,1.50,1.50
2011.05.23 11:02:50.777,1.31895,1.3192,1.50,1.99
2011.05.23 11:02:51.546,1.31894,1.3192,1.50,1.99
2011.05.23 11:02:52.098,1.31894,1.3192,1.50,1.50
2011.05.23 11:02:52.208,1.31894,1.3192,1.50,1.24
2011.05.23 11:02:52.319,1.31892,1.31917,2.25,1.50
2011.05.23 11:02:52.428,1.31892,1.31917,1.50,1.50
2011.05.23 11:02:52.539,1.31892,1.31917,1.50,1.50
2011.05.23 11:02:53.276,1.31893,1.31918,1.50,2.93
2011.05.23 11:02:54.817,1.31891,1.31917,2.25,1.50
2011.05.23 11:02:55.038,1.31892,1.31915,1.13,2.18
2011.05.23 11:02:55.367,1.31909,1.31926,1.50,1.03
2011.05.23 11:02:55.478,1.31909,1.31929,1.50,1.73
2011.05.23 11:02:55.697,1.31907,1.31933,2.25,1.73
2011.05.23 11:02:56.137,1.31907,1.3193,2.25,1.50
2011.05.23 11:02:56.248,1.31907,1.3193,1.50,1.50
2011.05.23 11:02:58.006,1.31903,1.31928,1.50,1.50
2011.05.23 11:02:59.845,1.31904,1.31928,1.50,1.50
2011.05.23 11:03:00.729,1.31906,1.31932,1.50,1.09
2011.05.23 11:03:01.069,1.31907,1.31929,3.00,1.50
2011.05.23 11:03:01.299,1.31905,1.3193,1.50,1.50
2011.05.23 11:03:02.447,1.31905,1.31928,1.50,1.50
2011.05.23 11:03:02.986,1.31905,1.31928,1.50,1.50
2011.05.23 11:03:04.196,1.31905,1.31929,1.50,1.50
2011.05.23 11:03:04.307,1.31905,1.3193,1.50,1.99
2011.05.23 11:03:04.637,1.31909,1.31933,1.50,3.00
2011.05.23 11:03:05.516,1.31909,1.31931,1.50,1.50
2011.05.23 11:03:06.066,1.31908,1.31931,1.50,1.50
2011.05.23 11:03:06.950,1.31907,1.3193,1.50,1.84
2011.05.23 11:03:07.068,1.31904,1.31929,1.50,1.50
2011.05.23 11:03:11.166,1.31904,1.31929,1.50,1.50
2011.05.23 11:03:11.278,1.31904,1.31929,1.50,1.50
2011.05.23 11:03:11.496,1.31906,1.3193,1.50,1.84
2011.05.23 11:03:11.827,1.31906,1.31929,1.50,1.50
2011.05.23 11:03:11.937,1.31906,1.31929,1.50,1.50
2011.05.23 11:03:13.146,1.31904,1.3193,2.18,1.09
2011.05.23 11:03:13.476,1.31904,1.3193,2.18,1.09
2011.05.23 11:03:13.588,1.31904,1.31929,2.18,1.50
2011.05.23 11:03:13.807,1.31902,1.31929,1.50,1.50
2011.05.23 11:03:14.138,1.31903,1.31929,2.18,1.50
2011.05.23 11:03:14.796,1.31902,1.31929,1.50,1.50
2011.05.23 11:03:15.345,1.31901,1.31928,2.25,1.50
2011.05.23 11:03:16.012,1.31901,1.31928,2.25,1.50
2011.05.23 11:03:18.056,1.31901,1.31927,2.25,1.50
2011.05.23 11:03:20.236,1.31905,1.3193,1.50,2.60
2011.05.23 11:03:20.569,1.31908,1.31929,1.50,1.50
2011.05.23 11:03:20.799,1.31904,1.31929,2.18,1.50
2011.05.23 11:03:21.027,1.319,1.31926,1.50,1.50
2011.05.23 11:03:23.956,1.319,1.31926,1.50,1.50
2011.05.23 11:03:24.178,1.31898,1.31917,1.50,1.50
2011.05.23 11:03:24.287,1.31898,1.31917,1.50,1.50
2011.05.23 11:03:24.399,1.31894,1.31917,1.50,1.50
2011.05.23 11:03:24.518,1.31894,1.31917,1.50,2.25
2011.05.23 11:03:24.738,1.31892,1.31915,1.50,1.50
2011.05.23 11:03:25.177,1.31889,1.31917,2.25,1.50
2011.05.23 11:03:25.727,1.3189,1.31917,1.84,1.50
2011.05.23 11:03:26.279,1.31892,1.31921,2.93,2.25
2011.05.23 11:03:26.387,1.31893,1.31921,1.50,2.25
2011.05.23 11:03:26.910,1.31893,1.31922,1.88,1.78
2011.05.23 11:03:27.239,1.31894,1.31918,2.25,1.50
2011.05.23 11:03:27.786,1.31894,1.31914,1.50,1.50
2011.05.23 11:03:29.436,1.31894,1.31914,1.50,1.50
2011.05.23 11:03:29.985,1.31894,1.31914,1.50,1.24
2011.05.23 11:03:30.536,1.31894,1.31913,1.50,2.25
2011.05.23 11:03:30.978,1.31887,1.31907,1.50,1.50
2011.05.23 11:03:31.090,1.31887,1.31906,1.50,1.09
2011.05.23 11:03:31.207,1.31887,1.31906,1.50,1.09
2011.05.23 11:03:31.318,1.31884,1.31904,1.50,1.50
2011.05.23 11:03:31.537,1.31883,1.31904,2.25,2.25
2011.05.23 11:03:31.757,1.31883,1.31904,1.50,1.50
2011.05.23 11:03:31.868,1.31884,1.31904,1.50,1.50
2011.05.23 11:03:32.197,1.31887,1.31904,1.50,1.84
2011.05.23 11:03:32.877,1.31887,1.31904,1.50,1.50
2011.05.23 11:03:33.916,1.31884,1.31904,2.25,1.50
2011.05.23 11:03:36.297,1.31886,1.31904,1.50,2.25
2011.05.23 11:03:36.518,1.31882,1.31904,1.50,1.84
2011.05.23 11:03:36.628,1.31884,1.31904,1.50,1.84
2011.05.23 11:03:36.738,1.31885,1.31906,1.50,1.43
2011.05.23 11:03:36.849,1.31894,1.3191,1.50,1.50
2011.05.23 11:03:38.206,1.31894,1.31912,1.50,1.84
2011.05.23 11:03:38.537,1.31889,1.31912,1.50,1.09
2011.05.23 11:03:40.208,1.3189,1.31911,1.50,1.50
2011.05.23 11:03:40.756,1.3189,1.31911,1.50,1.50
2011.05.23 11:03:41.336,1.31891,1.31913,1.50,2.25
2011.05.23 11:03:42.826,1.31891,1.31913,1.50,1.50
2011.05.23 11:03:43.050,1.31896,1.31913,1.50,1.50
2011.05.23 11:03:43.390,1.31911,1.31926,1.50,2.18
2011.05.23 11:03:43.507,1.31911,1.31928,1.50,1.50
2011.05.23 11:03:44.039,1.31911,1.31925,1.50,1.50
2011.05.23 11:03:44.257,1.31904,1.31925,1.50,1.50
2011.05.23 11:03:44.587,1.31904,1.31923,1.50,1.50
2011.05.23 11:03:44.918,1.31903,1.31922,1.50,1.50
2011.05.23 11:03:45.029,1.31902,1.31922,1.50,1.50
2011.05.23 11:03:45.256,1.31902,1.31921,1.50,1.50
2011.05.23 11:03:45.587,1.31902,1.31923,1.50,3.00
2011.05.23 11:03:47.127,1.319,1.31922,1.50,1.50
2011.05.23 11:03:47.456,1.31906,1.31922,1.50,1.50
2011.05.23 11:03:48.669,1.31905,1.31919,1.50,1.50
2011.05.23 11:03:49.190,1.31902,1.31919,1.50,1.50
2011.05.23 11:03:52.666,1.31902,1.31922,1.50,1.50
2011.05.23 11:03:52.997,1.31901,1.3192,1.50,1.50
2011.05.23 11:03:54.428,1.31901,1.31919,1.50,1.50
2011.05.23 11:03:54.649,1.31897,1.31915,1.50,1.50
2011.05.23 11:03:55.189,1.31897,1.31915,1.50,1.50
2011.05.23 11:03:57.176,1.31894,1.31912,1.50,1.50
2011.05.23 11:03:57.289,1.31893,1.31911,1.50,1.50
2011.05.23 11:03:57.628,1.31892,1.31909,1.50,1.50
2011.05.23 11:03:57.736,1.31892,1.3191,1.50,2.25
2011.05.23 11:03:58.287,1.31888,1.31911,2.25,2.25
2011.05.23 11:03:58.398,1.31888,1.31909,2.25,1.50
2011.05.23 11:03:58.838,1.31885,1.31909,1.50,3.68
2011.05.23 11:03:59.056,1.31884,1.31909,1.50,2.25
2011.05.23 11:03:59.170,1.31884,1.31908,1.50,1.09
2011.05.23 11:03:59.508,1.31884,1.31904,1.50,1.50
2011.05.23 11:04:00.059,1.31882,1.31908,1.88,1.50
2011.05.23 11:04:01.736,1.31882,1.31908,2.25,1.50
2011.05.23 11:04:03.847,1.31885,1.31911,1.50,1.50
2011.05.23 11:04:04.288,1.31887,1.31913,1.13,2.18
2011.05.23 11:04:04.506,1.31888,1.31914,2.25,2.25
2011.05.23 11:04:05.058,1.31888,1.31914,1.50,2.25
2011.05.23 11:04:06.767,1.31887,1.31913,1.50,1.50
2011.05.23 11:04:10.097,1.31887,1.31912,1.50,1.50
2011.05.23 11:04:10.428,1.31885,1.31911,1.09,1.50
2011.05.23 11:04:10.867,1.31885,1.31911,1.84,1.50
2011.05.23 11:04:12.214,1.31886,1.31913,1.09,1.50
2011.05.23 11:04:12.786,1.31886,1.31913,1.09,1.50
2011.05.23 11:04:13.238,1.31886,1.31914,1.09,2.25
2011.05.23 11:04:13.567,1.31891,1.31914,1.47,2.25
2011.05.23 11:04:13.678,1.31891,1.31914,2.22,2.25
2011.05.23 11:04:14.227,1.31893,1.31921,1.50,1.50
2011.05.23 11:04:15.381,1.31892,1.31917,1.88,1.50
2011.05.23 11:04:15.498,1.31891,1.31916,4.09,1.50
2011.05.23 11:04:15.608,1.31891,1.31915,1.09,1.50
2011.05.23 11:04:15.716,1.31889,1.31915,1.09,1.50
2011.05.23 11:04:16.926,1.31889,1.31913,1.09,1.50
2011.05.23 11:04:18.050,1.31886,1.31911,1.50,1.50
2011.05.23 11:04:18.607,1.31886,1.31911,1.50,1.84
2011.05.23 11:04:18.722,1.31881,1.31904,1.50,1.50
2011.05.23 11:04:19.437,1.31878,1.31905,1.50,2.25
2011.05.23 11:04:20.759,1.31877,1.31904,1.50,4.43
2011.05.23 11:04:21.319,1.31874,1.31897,1.50,1.50
2011.05.23 11:04:21.647,1.31875,1.31898,1.50,1.50
2011.05.23 11:04:22.087,1.31877,1.31901,3.34,1.50
2011.05.23 11:04:22.196,1.31878,1.31901,1.50,1.50
2011.05.23 11:04:22.835,1.31877,1.31904,4.77,2.25
2011.05.23 11:04:23.169,1.31877,1.31904,3.34,2.25
2011.05.23 11:04:23.511,1.31877,1.31899,1.50,1.50
2011.05.23 11:04:23.847,1.31877,1.31899,1.50,1.50
2011.05.23 11:04:24.616,1.31874,1.31897,1.09,1.50
2011.05.23 11:04:25.168,1.31874,1.31897,1.09,2.25
2011.05.23 11:04:27.666,1.31874,1.31897,1.84,2.25
2011.05.23 11:04:28.106,1.31874,1.31902,2.59,2.74
2011.05.23 11:04:35.115,1.31874,1.31896,2.59,1.50
2011.05.23 11:04:35.667,1.31874,1.31894,1.09,1.50
2011.05.23 11:04:35.997,1.31873,1.31894,1.09,1.50
2011.05.23 11:04:46.028,1.31871,1.31898,2.59,1.50
2011.05.23 11:04:46.357,1.31871,1.31896,1.84,1.50
2011.05.23 11:04:46.687,1.3187,1.31896,1.09,1.50
2011.05.23 11:04:46.796,1.3187,1.31896,1.09,1.50
2011.05.23 11:04:48.891,1.31871,1.31893,1.09,1.50
2011.05.23 11:04:49.447,1.31871,1.31896,1.09,2.25
2011.05.23 11:04:51.437,1.3187,1.31893,1.09,2.25
2011.05.23 11:04:53.426,1.31868,1.31891,1.09,1.50
2011.05.23 11:04:53.978,1.31868,1.31893,1.09,1.50
2011.05.23 11:04:54.664,1.3187,1.31895,1.09,1.50
2011.05.23 11:04:54.780,1.31869,1.31893,1.09,1.50
2011.05.23 11:04:55.337,1.31867,1.31892,1.84,1.50
2011.05.23 11:04:57.138,1.31867,1.31894,2.59,2.25
2011.05.23 11:04:57.358,1.31868,1.31894,1.09,2.25
2011.05.23 11:04:58.347,1.31871,1.31895,1.09,1.50
2011.05.23 11:04:58.457,1.31872,1.31897,1.50,1.78
2011.05.23 11:04:58.567,1.31872,1.31897,3.27,1.78
2011.05.23 11:04:59.429,1.31876,1.31897,1.50,1.03
2011.05.23 11:04:59.767,1.31877,1.31897,1.09,1.03
2011.05.23 11:04:59.878,1.31876,1.31897,1.09,1.03
2011.05.23 11:05:00.429,1.31878,1.31901,1.09,1.03
2011.05.23 11:05:00.768,1.31873,1.31899,1.84,1.50
2011.05.23 11:05:00.988,1.31874,1.31897,1.09,1.13
2011.05.23 11:05:01.318,1.31863,1.31889,3.34,1.50
2011.05.23 11:05:01.430,1.31862,1.31885,1.09,1.50
2011.05.23 11:05:02.427,1.31858,1.31883,5.59,2.25
2011.05.23 11:05:02.538,1.31858,1.31879,2.25,1.50
2011.05.23 11:05:03.014,1.31859,1.31878,2.59,1.50
2011.05.23 11:05:03.134,1.31859,1.31883,2.59,1.50
2011.05.23 11:05:04.790,1.31864,1.31884,1.84,2.25
2011.05.23 11:05:08.595,1.31864,1.3189,3.27,1.50
2011.05.23 11:05:09.037,1.31867,1.3189,1.09,1.50
2011.05.23 11:05:09.748,1.31869,1.31893,1.84,2.25
2011.05.23 11:05:10.079,1.31874,1.31893,1.50,1.50
2011.05.23 11:05:10.418,1.31879,1.319,1.09,1.50
2011.05.23 11:05:14.489,1.31874,1.31898,1.09,1.50
2011.05.23 11:05:14.708,1.31871,1.31894,1.84,1.50
2011.05.23 11:05:15.039,1.31869,1.31893,1.50,1.50
2011.05.23 11:05:15.267,1.31867,1.3189,1.50,1.50
2011.05.23 11:05:15.487,1.31866,1.31887,3.34,1.50
2011.05.23 11:05:15.929,1.31862,1.31885,1.50,1.50
2011.05.23 11:05:16.148,1.3186,1.31885,1.84,1.50
2011.05.23 11:05:16.586,1.3186,1.31885,1.09,1.50
2011.05.23 11:05:17.467,1.31858,1.31885,1.50,1.50
2011.05.23 11:05:18.716,1.31858,1.31885,3.00,1.50
2011.05.23 11:05:20.477,1.31857,1.31885,3.34,1.50
2011.05.23 11:05:22.375,1.31858,1.31884,1.50,1.50
2011.05.23 11:05:23.257,1.31859,1.31884,1.50,1.50
2011.05.23 11:05:23.805,1.3186,1.31885,2.25,1.50
2011.05.23 11:05:24.796,1.31859,1.31885,1.50,1.50
2011.05.23 11:05:24.906,1.31859,1.31884,1.50,1.50
2011.05.23 11:05:26.346,1.31859,1.31884,2.25,1.50
2011.05.23 11:05:27.497,1.3186,1.31884,1.50,1.50
2011.05.23 11:05:28.707,1.3186,1.31883,1.84,1.50
2011.05.23 11:05:28.816,1.3186,1.31883,1.84,1.50
2011.05.23 11:05:30.517,1.3186,1.31883,1.84,2.25
2011.05.23 11:05:33.606,1.31862,1.31881,1.84,1.50
2011.05.23 11:05:34.927,1.31862,1.31882,1.84,1.50
2011.05.23 11:05:35.681,1.31864,1.31886,1.84,1.73
2011.05.23 11:05:35.800,1.31862,1.31886,1.09,2.48
2011.05.23 11:05:35.919,1.31862,1.31886,1.09,2.48
2011.05.23 11:05:36.149,1.31859,1.31879,1.50,1.50
2011.05.23 11:05:36.370,1.31861,1.31882,1.09,2.48
2011.05.23 11:05:36.706,1.31861,1.31882,1.09,1.73
2011.05.23 11:05:37.367,1.31858,1.31882,1.84,1.73
2011.05.23 11:05:40.926,1.3186,1.31881,1.09,1.73
2011.05.23 11:05:41.950,1.31862,1.31881,1.50,2.48
2011.05.23 11:05:42.654,1.31868,1.31883,1.50,2.25
2011.05.23 11:05:42.986,1.31868,1.31883,1.50,2.25
2011.05.23 11:05:43.536,1.31868,1.31883,1.50,2.25
2011.05.23 11:05:43.977,1.31872,1.31881,1.50,1.50
2011.05.23 11:05:44.195,1.31866,1.31881,1.50,1.50
2011.05.23 11:05:44.747,1.31867,1.31881,1.50,1.50
2011.05.23 11:05:45.298,1.31867,1.3188,1.50,1.50
2011.05.23 11:05:45.626,1.31866,1.31881,1.50,1.50
2011.05.23 11:05:46.289,1.31865,1.3188,1.50,2.25
2011.05.23 11:05:46.398,1.31866,1.3188,1.50,2.25
2011.05.23 11:05:46.946,1.31866,1.31878,1.50,1.50
2011.05.23 11:05:48.281,1.31866,1.31878,1.50,1.50
2011.05.23 11:05:48.847,1.31865,1.31881,1.50,1.50
2011.05.23 11:05:49.397,1.31865,1.31877,1.50,1.50
2011.05.23 11:05:50.387,1.31865,1.31876,1.50,1.50
2011.05.23 11:05:50.497,1.31864,1.31876,1.50,1.50
2011.05.23 11:05:50.719,1.31857,1.31872,1.50,1.50
2011.05.23 11:05:51.169,1.31855,1.31871,1.50,1.50
2011.05.23 11:05:51.726,1.31855,1.3187,1.50,1.50
2011.05.23 11:05:52.277,1.31854,1.3187,1.50,1.50
2011.05.23 11:05:52.828,1.31854,1.3187,1.50,2.25
2011.05.23 11:05:54.728,1.31854,1.3187,1.50,2.25
2011.05.23 11:05:55.169,1.31849,1.31866,1.50,1.50
2011.05.23 11:05:55.716,1.31853,1.31867,1.50,1.50
2011.05.23 11:05:56.466,1.31853,1.31868,1.50,2.25
2011.05.23 11:05:58.666,1.31853,1.31868,1.50,2.25
2011.05.23 11:05:58.998,1.31853,1.31869,1.50,2.25
2011.05.23 11:05:59.547,1.31853,1.31869,1.50,1.50
2011.05.23 11:06:00.097,1.31855,1.31872,1.50,1.50
2011.05.23 11:06:00.538,1.31856,1.31873,1.50,3.00
2011.05.23 11:06:01.047,1.31859,1.31876,1.50,1.73
2011.05.23 11:06:01.159,1.3186,1.31879,1.50,2.48
2011.05.23 11:06:01.268,1.31863,1.31879,1.50,2.48
2011.05.23 11:06:01.377,1.31866,1.31879,1.50,2.48
2011.05.23 11:06:01.926,1.31863,1.31878,1.50,1.50
2011.05.23 11:06:02.258,1.3186,1.31876,1.50,1.50
2011.05.23 11:06:02.367,1.31858,1.31875,1.50,1.50
2011.05.23 11:06:02.586,1.31858,1.31875,1.50,2.25
2011.05.23 11:06:02.916,1.31857,1.31875,1.50,2.25
2011.05.23 11:06:03.466,1.31856,1.31873,1.50,2.25
2011.05.23 11:06:03.942,1.31856,1.31871,1.50,1.50
2011.05.23 11:06:04.502,1.31856,1.31868,1.50,1.50
2011.05.23 11:06:04.936,1.31844,1.31864,1.50,2.48
2011.05.23 11:06:05.487,1.31845,1.31864,1.50,1.73
2011.05.23 11:06:07.146,1.31845,1.31864,1.50,1.50
2011.05.23 11:06:10.976,1.31845,1.31866,1.50,1.73
2011.05.23 11:06:11.088,1.31847,1.31866,1.50,1.73
2011.05.23 11:06:11.196,1.31847,1.31866,1.50,1.50
2011.05.23 11:06:11.529,1.31856,1.31872,1.50,2.25
2011.05.23 11:06:11.970,1.31858,1.31872,1.50,1.50
2011.05.23 11:06:12.419,1.31862,1.31875,1.50,1.50
2011.05.23 11:06:12.858,1.31858,1.31875,1.50,1.50
2011.05.23 11:06:13.808,1.31858,1.31874,1.50,1.50
2011.05.23 11:06:14.136,1.31858,1.31874,1.50,1.50
2011.05.23 11:06:16.637,1.31861,1.31875,1.50,1.50
2011.05.23 11:06:16.746,1.31857,1.31875,1.50,1.50
2011.05.23 11:06:16.858,1.31857,1.31873,1.50,2.18
2011.05.23 11:06:16.971,1.31855,1.31873,1.50,2.18
2011.05.23 11:06:17.090,1.31859,1.31872,1.09,1.50
2011.05.23 11:06:17.429,1.31851,1.31869,1.09,2.25
2011.05.23 11:06:17.657,1.31851,1.31867,1.09,1.50
2011.05.23 11:06:18.957,1.3185,1.31866,1.50,2.25
2011.05.23 11:06:19.286,1.31853,1.31864,1.50,1.50
2011.05.23 11:06:19.616,1.31853,1.31862,1.50,1.50
2011.05.23 11:06:20.732,1.31849,1.31862,1.50,1.50
2011.05.23 11:06:20.849,1.31849,1.31859,1.50,1.50
2011.05.23 11:06:21.292,1.31844,1.31859,1.09,1.50
2011.05.23 11:06:21.416,1.31842,1.31859,1.50,1.50
2011.05.23 11:06:22.080,1.31844,1.3186,1.50,1.50
2011.05.23 11:06:22.417,1.31849,1.31859,1.50,1.50
2011.05.23 11:06:22.529,1.3184,1.31859,1.50,1.50
2011.05.23 11:06:22.648,1.3184,1.31855,1.50,1.50
2011.05.23 11:06:25.616,1.31839,1.31857,1.50,1.50
2011.05.23 11:06:26.168,1.31838,1.31859,1.50,1.50
2011.05.23 11:06:26.716,1.3184,1.31858,1.50,1.50
2011.05.23 11:06:27.326,1.31839,1.31858,1.50,1.50
2011.05.23 11:06:28.146,1.31838,1.31859,1.50,2.93
2011.05.23 11:06:28.369,1.31841,1.31859,1.50,1.50
2011.05.23 11:06:28.590,1.31841,1.31861,1.09,2.18
2011.05.23 11:06:29.258,1.3184,1.31861,1.50,3.15
2011.05.23 11:06:29.805,1.31839,1.31859,1.50,2.93
2011.05.23 11:06:31.067,1.31839,1.31856,1.50,1.50
2011.05.23 11:06:31.727,1.31837,1.31854,1.50,2.25
2011.05.23 11:06:31.838,1.31834,1.31852,1.50,1.43
2011.05.23 11:06:31.947,1.31834,1.31852,1.50,2.18
2011.05.23 11:06:33.416,1.31834,1.3185,1.50,2.18
2011.05.23 11:06:34.163,1.31831,1.3185,1.50,2.18
2011.05.23 11:06:34.836,1.3183,1.31853,2.25,4.43
2011.05.23 11:06:35.798,1.31827,1.3185,2.25,1.50
2011.05.23 11:06:36.127,1.31828,1.31847,1.50,2.18
2011.05.23 11:06:36.676,1.31827,1.31847,1.50,2.18
2011.05.23 11:06:37.008,1.3183,1.31847,1.50,2.18
2011.05.23 11:06:37.337,1.3183,1.31848,1.50,3.15
2011.05.23 11:06:38.327,1.31827,1.31839,1.50,1.84
2011.05.23 11:06:38.657,1.31823,1.31839,1.50,1.50
2011.05.23 11:06:38.986,1.31823,1.3184,1.50,1.50
2011.05.23 11:06:39.206,1.31823,1.3184,1.50,1.50
2011.05.23 11:06:39.867,1.31819,1.31843,1.50,2.18
2011.05.23 11:06:41.019,1.31819,1.3184,1.50,1.50
2011.05.23 11:06:41.621,1.31809,1.31833,2.25,2.93
2011.05.23 11:06:41.741,1.31814,1.31833,1.50,4.43
2011.05.23 11:06:41.857,1.31813,1.31832,1.50,2.18
2011.05.23 11:06:42.187,1.31809,1.31831,1.50,2.18
2011.05.23 11:06:42.739,1.31809,1.31831,1.50,2.46
2011.05.23 11:06:42.849,1.31809,1.31831,1.50,1.71
2011.05.23 11:06:43.396,1.31809,1.3183,1.50,1.50
2011.05.23 11:06:43.976,1.31809,1.31826,1.50,1.50
2011.05.23 11:06:44.088,1.31801,1.31826,3.00,1.50
2011.05.23 11:06:44.197,1.31802,1.31829,1.50,1.84
2011.05.23 11:06:44.525,1.31805,1.31827,1.50,1.50
2011.05.23 11:06:45.078,1.31805,1.31827,1.50,1.50
2011.05.23 11:06:45.627,1.31805,1.31827,1.50,1.50
2011.05.23 11:06:46.176,1.31805,1.31827,1.50,1.50
2011.05.23 11:06:46.726,1.31805,1.31819,1.50,1.50
2011.05.23 11:06:46.947,1.318,1.31819,1.50,1.50
2011.05.23 11:06:47.168,1.31801,1.31823,1.50,2.25
2011.05.23 11:06:47.746,1.31804,1.31823,1.50,2.25
2011.05.23 11:06:48.737,1.31804,1.31823,1.50,2.25
2011.05.23 11:06:49.287,1.31803,1.31816,1.50,1.09
2011.05.23 11:06:49.506,1.31792,1.31816,1.50,2.25
2011.05.23 11:06:49.617,1.31795,1.31816,1.50,3.68
2011.05.23 11:06:49.950,1.31792,1.31813,1.50,2.18
2011.05.23 11:06:50.506,1.31792,1.31813,1.50,1.50
2011.05.23 11:06:50.616,1.31792,1.31813,1.50,1.50
2011.05.23 11:06:52.337,1.31792,1.3181,1.50,1.78
2011.05.23 11:06:52.556,1.3179,1.31807,1.50,1.43
2011.05.23 11:06:52.668,1.31786,1.31807,1.50,1.43
2011.05.23 11:06:52.886,1.31791,1.3181,1.50,1.78
2011.05.23 11:06:53.217,1.31791,1.3181,1.50,1.03
2011.05.23 11:06:53.436,1.31791,1.3181,1.50,1.03
2011.05.23 11:06:54.236,1.31797,1.31813,1.50,2.25
2011.05.23 11:06:54.350,1.31792,1.31813,1.50,2.93
2011.05.23 11:06:56.491,1.31792,1.31811,1.50,1.50
2011.05.23 11:06:57.048,1.31791,1.31813,1.50,2.25
2011.05.23 11:06:57.157,1.31786,1.31812,1.50,1.50
2011.05.23 11:06:57.378,1.31786,1.31806,1.50,1.43
2011.05.23 11:06:58.146,1.31786,1.31806,1.50,2.18
2011.05.23 11:06:59.248,1.31787,1.31806,1.50,2.18
2011.05.23 11:07:00.177,1.31787,1.31806,1.50,1.43
2011.05.23 11:07:00.627,1.31788,1.31805,1.50,2.18
2011.05.23 11:07:00.958,1.3179,1.31808,1.50,1.73
2011.05.23 11:07:01.066,1.3179,1.3181,1.50,1.73
2011.05.23 11:07:01.292,1.31788,1.3181,1.50,1.73
2011.05.23 11:07:01.848,1.31788,1.31809,1.50,2.25
2011.05.23 11:07:03.268,1.31788,1.3181,1.50,2.25
2011.05.23 11:07:03.816,1.31788,1.31809,1.50,1.50
2011.05.23 11:07:04.036,1.31788,1.31809,1.50,2.25
2011.05.23 11:07:04.366,1.31788,1.31804,1.50,1.50
2011.05.23 11:07:05.509,1.31788,1.31805,1.50,1.50
2011.05.23 11:07:05.727,1.31782,1.31804,1.50,2.18
2011.05.23 11:07:05.837,1.31783,1.31804,1.50,3.68
2011.05.23 11:07:06.726,1.31789,1.31811,1.50,1.03
2011.05.23 11:07:07.166,1.31789,1.31812,1.50,1.50
2011.05.23 11:07:08.595,1.31789,1.31813,1.50,5.74
2011.05.23 11:07:09.826,1.31791,1.31813,1.50,4.77
2011.05.23 11:07:09.938,1.31794,1.31813,1.50,4.02
2011.05.23 11:07:12.398,1.31795,1.31813,1.50,3.68
2011.05.23 11:07:13.609,1.31795,1.31811,1.50,2.18
2011.05.23 11:07:13.718,1.31789,1.31811,2.25,3.68
2011.05.23 11:07:14.275,1.31786,1.31806,1.50,2.18
2011.05.23 11:07:14.606,1.31786,1.31803,1.50,1.50
2011.05.23 11:07:15.267,1.31787,1.31803,1.50,1.50
2011.05.23 11:07:15.597,1.31789,1.3181,1.50,1.50
2011.05.23 11:07:15.928,1.31787,1.3181,2.25,1.50
2011.05.23 11:07:16.476,1.31788,1.3181,1.50,1.50
2011.05.23 11:07:17.080,1.31791,1.3181,1.50,1.50
2011.05.23 11:07:18.457,1.31788,1.3181,1.50,4.09
2011.05.23 11:07:19.446,1.31788,1.31809,1.50,1.50
2011.05.23 11:07:20.328,1.31795,1.3181,1.50,2.59
2011.05.23 11:07:20.988,1.31791,1.3181,1.50,2.25
2011.05.23 11:07:21.207,1.31795,1.31812,1.50,1.50
2011.05.23 11:07:21.537,1.31804,1.31816,1.50,1.50
2011.05.23 11:07:21.649,1.31804,1.31822,1.50,1.03
2011.05.23 11:07:22.087,1.31804,1.31823,1.50,2.25
2011.05.23 11:07:23.077,1.31804,1.31823,1.50,2.25
2011.05.23 11:07:23.933,1.31804,1.31823,1.50,2.25
2011.05.23 11:07:24.486,1.31804,1.31823,1.50,2.25
2011.05.23 11:07:24.600,1.31804,1.31823,1.50,2.25
2011.05.23 11:07:24.827,1.31803,1.31823,1.50,2.25
2011.05.23 11:07:25.158,1.31803,1.31823,1.50,1.50
2011.05.23 11:07:25.929,1.31803,1.31822,1.50,1.99
2011.05.23 11:07:26.158,1.31811,1.31822,1.50,1.50
2011.05.23 11:07:26.266,1.31811,1.31824,1.50,1.50
2011.05.23 11:07:26.488,1.31804,1.31824,1.50,3.00
2011.05.23 11:07:27.876,1.31804,1.31823,1.50,3.00
2011.05.23 11:07:28.426,1.31804,1.31821,1.50,1.24
2011.05.23 11:07:28.759,1.31804,1.31822,1.50,1.50
2011.05.23 11:07:29.901,1.31804,1.31821,1.50,1.50
2011.05.23 11:07:30.808,1.31804,1.31819,1.50,1.50
2011.05.23 11:07:31.356,1.31804,1.31822,1.50,1.24
2011.05.23 11:07:31.466,1.31804,1.31813,1.50,1.50
2011.05.23 11:07:31.796,1.31804,1.31813,1.50,1.50
2011.05.23 11:07:34.917,1.31803,1.31813,1.50,1.50
2011.05.23 11:07:35.026,1.31803,1.31823,1.50,1.50
2011.05.23 11:07:35.356,1.31803,1.31814,1.50,1.50
2011.05.23 11:07:37.229,1.31801,1.31813,1.50,1.84
2011.05.23 11:07:37.338,1.31791,1.31813,1.50,2.59
2011.05.23 11:07:37.778,1.31795,1.31804,1.50,1.50
2011.05.23 11:07:38.380,1.31798,1.31814,1.50,1.50
2011.05.23 11:07:38.938,1.31805,1.31814,1.50,1.50
2011.05.23 11:07:40.039,1.31805,1.31813,1.50,1.50
2011.05.23 11:07:40.258,1.31798,1.31813,1.50,1.50
2011.05.23 11:07:40.367,1.31798,1.31813,1.50,1.50
2011.05.23 11:07:40.917,1.318,1.31814,1.50,1.50
2011.05.23 11:07:41.246,1.318,1.31821,1.50,1.50
2011.05.23 11:07:41.577,1.31799,1.31813,1.50,1.50
2011.05.23 11:07:42.016,1.31797,1.31819,1.50,2.93
2011.05.23 11:07:42.346,1.31797,1.31813,1.50,1.50
2011.05.23 11:07:42.896,1.31796,1.31813,2.25,1.50
2011.05.23 11:07:43.996,1.31798,1.31813,1.50,1.50
2011.05.23 11:07:44.545,1.31798,1.31814,1.50,1.50
2011.05.23 11:07:45.218,1.318,1.31813,1.50,1.50
2011.05.23 11:07:45.547,1.31804,1.31823,1.50,3.51
2011.05.23 11:07:45.656,1.31804,1.31823,1.50,3.28
2011.05.23 11:07:46.207,1.31805,1.31823,1.50,2.25
2011.05.23 11:07:46.316,1.31805,1.31823,1.50,2.25
2011.05.23 11:07:46.537,1.31805,1.31823,1.50,1.50
2011.05.23 11:07:47.004,1.31807,1.31823,1.50,1.50
2011.05.23 11:07:47.337,1.31811,1.31824,1.50,1.50
2011.05.23 11:07:48.756,1.31811,1.31824,1.50,1.50
2011.05.23 11:07:48.976,1.31806,1.31827,1.50,1.03
2011.05.23 11:07:49.086,1.31804,1.31827,1.50,1.03
2011.05.23 11:07:49.416,1.31804,1.31823,1.50,1.50
2011.05.23 11:07:50.746,1.31804,1.31823,1.50,1.50
2011.05.23 11:07:51.395,1.31805,1.31823,1.50,1.50
2011.05.23 11:07:51.617,1.31813,1.31828,1.50,1.63
2011.05.23 11:07:51.947,1.31812,1.31823,1.50,1.50
2011.05.23 11:07:52.167,1.31812,1.31823,1.50,1.50
2011.05.23 11:07:52.277,1.31805,1.31828,1.50,4.71
2011.05.23 11:07:52.497,1.31805,1.31826,1.50,1.50
2011.05.23 11:07:52.936,1.31805,1.31813,1.50,1.50
2011.05.23 11:07:53.486,1.31808,1.31823,1.50,1.50
2011.05.23 11:07:53.596,1.31808,1.31823,1.50,1.50
2011.05.23 11:07:54.146,1.31807,1.31824,1.50,1.50
2011.05.23 11:07:54.835,1.31807,1.31823,1.50,1.50
2011.05.23 11:07:56.048,1.3181,1.31833,1.50,2.25
2011.05.23 11:07:56.156,1.31808,1.31833,2.25,2.25
2011.05.23 11:07:56.601,1.31814,1.31829,1.35,1.50
2011.05.23 11:07:56.718,1.31813,1.31833,1.35,2.25
2011.05.23 11:07:56.827,1.31813,1.31833,1.35,1.50
2011.05.23 11:07:56.937,1.31817,1.31833,1.20,1.50
2011.05.23 11:07:57.487,1.31818,1.31832,1.20,1.43
2011.05.23 11:07:59.577,1.31818,1.31834,1.20,3.00
2011.05.23 11:07:59.796,1.31818,1.31832,1.20,1.43
2011.05.23 11:08:00.539,1.31818,1.31833,1.20,3.27
2011.05.23 11:08:00.869,1.31818,1.31829,1.20,1.43
2011.05.23 11:08:00.978,1.31815,1.31829,1.20,1.43
2011.05.23 11:08:02.187,1.31815,1.31829,1.20,1.43
2011.05.23 11:08:02.517,1.31816,1.31831,1.20,2.18
2011.05.23 11:08:02.628,1.31811,1.31831,1.35,1.43
2011.05.23 11:08:02.738,1.31814,1.31833,1.35,1.84
2011.05.23 11:08:03.067,1.3182,1.31839,1.35,1.73
2011.05.23 11:08:03.398,1.3183,1.31843,1.20,2.25
2011.05.23 11:08:03.509,1.3183,1.31846,1.95,1.50
2011.05.23 11:08:03.730,1.31832,1.31852,1.20,1.50
2011.05.23 11:08:04.068,1.31834,1.31853,1.35,1.50
2011.05.23 11:08:04.178,1.3184,1.31857,1.20,3.68
2011.05.23 11:08:04.398,1.31843,1.31856,1.20,1.50
2011.05.23 11:08:04.507,1.31838,1.31856,1.35,1.50
2011.05.23 11:08:05.229,1.31835,1.31853,1.20,1.50
2011.05.23 11:08:05.339,1.31835,1.31852,1.20,2.18
2011.05.23 11:08:05.667,1.31834,1.31851,1.35,1.50
2011.05.23 11:08:05.996,1.31828,1.31849,1.50,1.43
2011.05.23 11:08:06.109,1.31828,1.31846,1.50,1.43
2011.05.23 11:08:06.987,1.31827,1.31849,1.50,1.50
2011.05.23 11:08:07.428,1.31824,1.31841,1.35,1.43
2011.05.23 11:08:07.537,1.31825,1.31844,1.50,2.25
2011.05.23 11:08:07.648,1.31831,1.31844,1.95,2.25
2011.05.23 11:08:07.977,1.31828,1.31841,1.20,1.50
2011.05.23 11:08:08.088,1.31828,1.31839,1.35,1.43
2011.05.23 11:08:08.196,1.31828,1.31844,1.35,1.50
2011.05.23 11:08:08.417,1.31827,1.31844,1.50,1.50
2011.05.23 11:08:08.966,1.31828,1.31844,1.50,1.50
2011.05.23 11:08:09.699,1.31833,1.31852,1.35,2.93
2011.05.23 11:08:10.259,1.31833,1.31852,1.35,2.93
2011.05.23 11:08:10.699,1.31835,1.31852,1.35,1.50
2011.05.23 11:08:10.932,1.31832,1.31851,2.10,1.09
2011.05.23 11:08:11.387,1.31837,1.31853,1.20,1.50
2011.05.23 11:08:11.720,1.31837,1.31853,2.10,1.50
2011.05.23 11:08:11.837,1.31837,1.3186,1.50,1.50
2011.05.23 11:08:12.057,1.31841,1.31864,1.50,3.21
2011.05.23 11:08:12.608,1.3184,1.31864,1.09,1.50
2011.05.23 11:08:13.865,1.31845,1.31864,1.50,2.25
2011.05.23 11:08:14.208,1.31846,1.31864,1.50,1.50
2011.05.23 11:08:14.318,1.31847,1.31869,1.50,3.00
2011.05.23 11:08:14.541,1.31847,1.31869,1.50,3.00
2011.05.23 11:08:14.989,1.31845,1.31871,2.93,1.78
2011.05.23 11:08:15.651,1.31851,1.31872,1.50,1.50
2011.05.23 11:08:16.097,1.31855,1.31873,1.50,2.25
2011.05.23 11:08:16.646,1.31856,1.31873,1.50,1.50
2011.05.23 11:08:17.549,1.31853,1.31873,1.50,2.25
2011.05.23 11:08:17.877,1.31855,1.31873,1.50,2.25
2011.05.23 11:08:18.207,1.31855,1.31872,1.50,1.50
2011.05.23 11:08:18.757,1.31855,1.31873,1.50,2.25
2011.05.23 11:08:19.327,1.31856,1.31873,1.50,2.25
2011.05.23 11:08:19.992,1.31859,1.31873,1.50,2.25
2011.05.23 11:08:20.109,1.31859,1.31873,1.50,1.50
2011.05.23 11:08:20.219,1.31863,1.31883,1.50,2.53
2011.05.23 11:08:20.340,1.31863,1.31883,1.50,2.25
2011.05.23 11:08:20.676,1.31865,1.31889,1.50,3.00
2011.05.23 11:08:21.226,1.31867,1.31887,1.50,1.50
2011.05.23 11:08:21.446,1.31869,1.31887,1.50,1.50
2011.05.23 11:08:21.887,1.3187,1.31888,1.50,1.50
2011.05.23 11:08:22.834,1.31873,1.31888,1.50,1.50
2011.05.23 11:08:23.056,1.31873,1.31892,1.50,2.93
2011.05.23 11:08:23.609,1.31872,1.31891,1.50,1.50
2011.05.23 11:08:23.940,1.31872,1.31892,1.50,2.93
2011.05.23 11:08:24.497,1.31872,1.31892,1.50,2.93
2011.05.23 11:08:26.366,1.31873,1.31891,1.50,1.50
2011.05.23 11:08:26.916,1.31875,1.31889,1.50,1.50
2011.05.23 11:08:27.246,1.3187,1.31888,1.50,1.50
2011.05.23 11:08:28.691,1.31872,1.31891,1.50,1.50
2011.05.23 11:08:29.246,1.31874,1.31891,1.50,1.50
2011.05.23 11:08:29.358,1.31874,1.31891,1.50,1.50
2011.05.23 11:08:29.469,1.31873,1.31891,1.50,1.50
2011.05.23 11:08:29.808,1.31873,1.31888,1.50,1.50
2011.05.23 11:08:29.919,1.31875,1.31892,1.50,2.25
2011.05.23 11:08:30.027,1.31875,1.31892,1.50,1.50
2011.05.23 11:08:30.136,1.31877,1.31892,1.50,2.25
2011.05.23 11:08:30.356,1.31877,1.31893,1.50,3.00
2011.05.23 11:08:30.906,1.31877,1.31893,1.50,1.50
2011.05.23 11:08:31.019,1.31878,1.31894,1.50,3.00
2011.05.23 11:08:31.347,1.31879,1.31897,1.50,1.43
2011.05.23 11:08:31.568,1.31879,1.31895,1.50,1.50
2011.05.23 11:08:31.788,1.31878,1.31895,1.50,1.50
2011.05.23 11:08:31.898,1.31878,1.31893,1.50,1.50
2011.05.23 11:08:32.889,1.31878,1.31893,1.50,1.50
2011.05.23 11:08:33.394,1.31879,1.31894,1.50,1.50
2011.05.23 11:08:33.950,1.3188,1.31894,1.50,1.50
2011.05.23 11:08:34.507,1.31881,1.31894,1.50,1.50
2011.05.23 11:08:34.836,1.31881,1.31901,1.50,1.50
2011.05.23 11:08:35.607,1.31882,1.31901,1.50,1.50
2011.05.23 11:08:36.158,1.31884,1.31901,1.50,1.50
2011.05.23 11:08:36.487,1.31886,1.31902,1.50,1.50
2011.05.23 11:08:37.037,1.31886,1.31902,1.50,1.50
2011.05.23 11:08:37.257,1.31886,1.31903,1.50,2.25
2011.05.23 11:08:37.478,1.31886,1.31903,1.50,3.00
2011.05.23 11:08:37.697,1.31884,1.31903,1.50,2.25
2011.05.23 11:08:38.027,1.31883,1.31902,1.50,1.50
2011.05.23 11:08:38.754,1.31881,1.31901,1.50,2.25
2011.05.23 11:08:38.871,1.31881,1.31903,1.50,3.00
2011.05.23 11:08:39.428,1.31881,1.31903,1.50,3.00
2011.05.23 11:08:39.757,1.31881,1.31898,1.50,1.50
2011.05.23 11:08:39.977,1.31877,1.31894,3.00,2.93
2011.05.23 11:08:40.088,1.31877,1.31894,2.25,2.18
2011.05.23 11:08:40.419,1.31871,1.31894,1.50,2.25
2011.05.23 11:08:40.968,1.31871,1.31893,1.50,2.93
2011.05.23 11:08:41.298,1.31874,1.31897,2.25,1.50
2011.05.23 11:08:41.518,1.31874,1.31901,2.25,2.25
2011.05.23 11:08:41.627,1.31876,1.31899,2.25,2.18
2011.05.23 11:08:41.959,1.31873,1.31892,1.50,1.84
2011.05.23 11:08:42.574,1.31867,1.31885,1.50,1.50
2011.05.23 11:08:43.019,1.31861,1.31884,1.50,1.50
2011.05.23 11:08:44.776,1.3186,1.31884,2.25,2.25
2011.05.23 11:08:45.109,1.31857,1.31882,1.50,1.50
2011.05.23 11:08:45.438,1.31853,1.31873,1.09,1.50
2011.05.23 11:08:46.207,1.31853,1.31879,1.09,1.99
2011.05.23 11:08:46.427,1.31857,1.31879,1.84,1.24
2011.05.23 11:08:46.756,1.3186,1.31883,1.09,1.50
2011.05.23 11:08:47.412,1.31861,1.31883,1.09,2.25
2011.05.23 11:08:47.535,1.31857,1.31881,3.00,1.50
2011.05.23 11:08:47.653,1.31854,1.3188,1.50,1.50
2011.05.23 11:08:47.773,1.31854,1.31874,1.50,1.09
2011.05.23 11:08:47.888,1.31848,1.31867,1.50,2.18
2011.05.23 11:08:48.107,1.31847,1.31872,1.50,1.50
2011.05.23 11:08:48.219,1.31847,1.31863,1.50,1.50
2011.05.23 11:08:48.438,1.31847,1.31873,1.50,3.68
2011.05.23 11:08:48.547,1.31847,1.31873,1.50,2.25
2011.05.23 11:08:48.656,1.31847,1.31873,2.25,2.25
2011.05.23 11:08:49.207,1.31849,1.31873,1.09,1.50
2011.05.23 11:08:49.539,1.3185,1.31874,1.50,1.50
2011.05.23 11:08:49.868,1.31849,1.31874,1.84,2.25
2011.05.23 11:08:50.197,1.31849,1.31876,1.09,1.50
2011.05.23 11:08:50.529,1.31849,1.31873,2.59,1.50
2011.05.23 11:08:50.749,1.31853,1.31879,1.50,1.50
2011.05.23 11:08:51.077,1.31853,1.31874,1.50,1.50
2011.05.23 11:08:52.968,1.31856,1.31874,2.25,1.50
2011.05.23 11:08:53.079,1.31851,1.31873,1.13,2.18
2011.05.23 11:08:53.188,1.31852,1.31873,1.50,2.18
2011.05.23 11:08:53.298,1.31852,1.31881,3.34,2.25
2011.05.23 11:08:53.516,1.31852,1.31881,3.34,1.50
2011.05.23 11:08:53.736,1.31857,1.3188,2.25,1.50
2011.05.23 11:08:54.289,1.31857,1.31881,2.25,1.50
2011.05.23 11:08:54.518,1.31859,1.31883,1.50,1.50
2011.05.23 11:08:54.849,1.31863,1.31883,1.50,1.50
2011.05.23 11:08:54.959,1.31863,1.31889,1.50,2.25
2011.05.23 11:08:55.068,1.31863,1.3189,2.25,1.50
2011.05.23 11:08:55.397,1.31863,1.31884,2.25,1.50
2011.05.23 11:08:55.728,1.31863,1.31884,2.25,1.50
2011.05.23 11:08:56.386,1.31863,1.31884,1.50,1.50
2011.05.23 11:08:57.017,1.31861,1.31884,2.25,1.50
2011.05.23 11:08:57.460,1.31862,1.31884,1.50,2.25
2011.05.23 11:08:57.797,1.31858,1.31876,1.50,1.43
2011.05.23 11:08:57.909,1.31857,1.31876,1.50,1.43
2011.05.23 11:08:58.140,1.31859,1.31883,1.50,1.13
2011.05.23 11:08:58.258,1.31859,1.31884,1.50,3.00
2011.05.23 11:08:58.916,1.31859,1.31884,1.50,1.50
2011.05.23 11:09:00.376,1.31861,1.31884,1.50,1.50
2011.05.23 11:09:00.597,1.31863,1.31886,1.50,1.50
2011.05.23 11:09:00.819,1.31864,1.3189,1.84,1.50
2011.05.23 11:09:01.158,1.31864,1.31889,1.84,1.73
2011.05.23 11:09:01.746,1.31864,1.31887,1.84,1.73
2011.05.23 11:09:01.862,1.31862,1.31887,1.50,2.48
2011.05.23 11:09:01.979,1.31863,1.31887,1.50,1.73
2011.05.23 11:09:02.318,1.31866,1.31889,1.50,1.73
2011.05.23 11:09:02.537,1.31865,1.31889,1.50,1.73
2011.05.23 11:09:04.677,1.31863,1.31887,1.84,1.73
2011.05.23 11:09:05.559,1.31863,1.31885,1.84,1.73
2011.05.23 11:09:05.900,1.31863,1.31877,1.09,1.50
2011.05.23 11:09:06.238,1.31862,1.3188,1.50,1.73
2011.05.23 11:09:06.459,1.31862,1.31878,1.50,1.73
2011.05.23 11:09:07.934,1.31862,1.3188,1.50,1.73
2011.05.23 11:09:10.077,1.31865,1.31879,1.50,1.73
2011.05.23 11:09:10.296,1.31865,1.3188,1.50,1.73
2011.05.23 11:09:11.178,1.31868,1.31882,1.50,1.73
2011.05.23 11:09:11.286,1.31868,1.31882,1.50,1.73
2011.05.23 11:09:11.793,1.31868,1.31882,1.50,1.73
2011.05.23 11:09:12.236,1.31866,1.31878,1.50,1.73
2011.05.23 11:09:12.457,1.31864,1.31878,1.50,1.73
2011.05.23 11:09:13.007,1.31863,1.31877,1.50,1.73
2011.05.23 11:09:13.116,1.31863,1.31876,1.50,1.73
2011.05.23 11:09:13.229,1.31862,1.31876,1.50,1.73
2011.05.23 11:09:13.776,1.3186,1.31876,1.50,1.73
2011.05.23 11:09:13.886,1.3186,1.31876,1.50,1.73
2011.05.23 11:09:14.768,1.31854,1.31869,1.50,1.73
2011.05.23 11:09:14.878,1.31851,1.31871,2.25,1.73
2011.05.23 11:09:15.207,1.3185,1.31871,1.50,1.73
2011.05.23 11:09:15.429,1.3186,1.31871,1.50,3.15
2011.05.23 11:09:16.031,1.3186,1.31873,1.50,3.23
2011.05.23 11:09:16.371,1.3186,1.31871,1.50,1.73
2011.05.23 11:09:16.600,1.31854,1.31871,1.50,1.73
2011.05.23 11:09:16.827,1.31854,1.3187,1.50,1.73
2011.05.23 11:09:17.159,1.31852,1.31866,1.50,1.73
2011.05.23 11:09:18.147,1.31852,1.31865,1.50,1.73
2011.05.23 11:09:19.326,1.31854,1.31865,1.50,1.73
2011.05.23 11:09:19.444,1.31854,1.3187,1.50,1.73
2011.05.23 11:09:19.561,1.31855,1.3187,1.50,1.99
2011.05.23 11:09:19.678,1.31855,1.31872,1.50,2.48
2011.05.23 11:09:19.788,1.31855,1.31872,1.50,1.73
2011.05.23 11:09:21.917,1.3186,1.31873,1.50,1.73
2011.05.23 11:09:23.127,1.3186,1.31876,1.50,1.73
2011.05.23 11:09:23.787,1.31862,1.31879,1.50,2.48
2011.05.23 11:09:23.898,1.31862,1.31878,1.50,1.73
2011.05.23 11:09:24.666,1.31861,1.31875,1.50,1.73
2011.05.23 11:09:26.666,1.31864,1.31879,1.50,1.73
2011.05.23 11:09:26.778,1.3186,1.31881,2.18,1.73
2011.05.23 11:09:26.889,1.31859,1.31881,1.09,1.73
2011.05.23 11:09:27.120,1.3186,1.31882,1.43,2.48
2011.05.23 11:09:27.351,1.31859,1.31882,1.09,1.73
2011.05.23 11:09:27.688,1.31861,1.31883,2.18,1.73
2011.05.23 11:09:27.800,1.31859,1.31883,2.52,1.73
2011.05.23 11:09:28.139,1.31858,1.31883,1.09,2.48
2011.05.23 11:09:28.687,1.31856,1.31877,2.25,1.73
2011.05.23 11:09:29.017,1.31856,1.31877,1.50,1.73
2011.05.23 11:09:29.587,1.31854,1.31877,2.52,2.48
2011.05.23 11:09:30.468,1.31854,1.31877,1.77,1.73
2011.05.23 11:09:32.666,1.31853,1.31877,2.18,1.73
2011.05.23 11:09:33.216,1.31853,1.31877,2.52,1.73
2011.05.23 11:09:34.318,1.31854,1.31877,1.09,1.73
2011.05.23 11:09:34.537,1.31855,1.31878,2.59,1.73
2011.05.23 11:09:34.978,1.3186,1.31879,1.77,1.73
2011.05.23 11:09:35.089,1.3186,1.31879,1.77,1.73
2011.05.23 11:09:35.714,1.31857,1.31881,4.02,1.73
2011.05.23 11:09:36.266,1.31857,1.31881,1.84,1.73
2011.05.23 11:09:39.687,1.31857,1.31878,1.84,1.73
2011.05.23 11:09:40.516,1.31857,1.31878,1.50,1.73
2011.05.23 11:09:42.937,1.31857,1.31878,1.50,1.50
2011.05.23 11:09:43.486,1.31854,1.31878,1.09,1.50
2011.05.23 11:09:44.639,1.31861,1.31879,1.43,1.50
2011.05.23 11:09:44.859,1.31863,1.31883,1.50,1.50
2011.05.23 11:09:44.967,1.31869,1.31883,1.09,1.50
2011.05.23 11:09:45.079,1.31867,1.31889,2.18,1.50
2011.05.23 11:09:45.408,1.31867,1.31892,1.09,1.24
2011.05.23 11:09:45.846,1.31867,1.31893,1.09,1.50
2011.05.23 11:09:46.839,1.31867,1.31893,1.09,1.50
2011.05.23 11:09:49.916,1.31867,1.31893,1.09,1.50
2011.05.23 11:09:50.416,1.3187,1.31894,1.50,2.25
2011.05.23 11:09:52.617,1.3187,1.31893,1.50,1.50
2011.05.23 11:09:53.448,1.3187,1.31893,1.50,1.50
2011.05.23 11:09:53.559,1.31871,1.31894,1.50,1.50
2011.05.23 11:09:53.997,1.31874,1.31894,1.50,1.50
2011.05.23 11:09:54.546,1.31877,1.31894,1.50,1.50
2011.05.23 11:09:55.206,1.31875,1.31894,1.50,1.50
2011.05.23 11:09:55.427,1.31874,1.31894,1.50,1.50
2011.05.23 11:09:56.306,1.31874,1.31894,1.50,2.25
2011.05.23 11:09:56.748,1.31873,1.31894,1.50,3.00
2011.05.23 11:09:57.077,1.31868,1.31889,1.50,2.93
2011.05.23 11:09:57.648,1.31866,1.31887,1.50,1.50
2011.05.23 11:09:57.764,1.31865,1.31884,1.50,1.50
2011.05.23 11:09:58.316,1.31865,1.31884,1.50,1.50
2011.05.23 11:10:00.198,1.31866,1.31884,1.50,1.50
2011.05.23 11:10:00.528,1.31867,1.31884,1.50,1.50
2011.05.23 11:10:00.746,1.31866,1.31884,1.50,1.50
2011.05.23 11:10:01.738,1.31866,1.31891,2.25,1.84
2011.05.23 11:10:01.848,1.3187,1.31891,1.50,1.84
2011.05.23 11:10:02.182,1.31871,1.31893,1.50,1.50
2011.05.23 11:10:02.298,1.31871,1.31892,2.25,1.50
2011.05.23 11:10:02.629,1.31872,1.31889,1.50,1.50
2011.05.23 11:10:02.742,1.3187,1.31889,1.50,1.50
2011.05.23 11:10:03.375,1.31868,1.31888,1.50,2.25
2011.05.23 11:10:03.600,1.31868,1.3189,1.09,1.03
2011.05.23 11:10:03.937,1.31866,1.31889,3.00,2.18
2011.05.23 11:10:04.047,1.31871,1.31889,1.50,1.43
2011.05.23 11:10:04.158,1.31871,1.31891,1.50,1.50
2011.05.23 11:10:04.706,1.31871,1.31893,1.50,1.09
2011.05.23 11:10:05.478,1.31874,1.31894,1.50,2.25
2011.05.23 11:10:05.809,1.31871,1.31894,1.50,1.50
2011.05.23 11:10:05.918,1.3187,1.31894,1.50,1.50
2011.05.23 11:10:09.150,1.31871,1.31894,1.50,1.50
2011.05.23 11:10:09.274,1.31873,1.31893,1.50,1.50
2011.05.23 11:10:09.722,1.31873,1.31892,1.50,1.50
2011.05.23 11:10:10.276,1.31873,1.31891,1.50,1.50
2011.05.23 11:10:11.856,1.31873,1.31893,1.50,3.28
2011.05.23 11:10:13.726,1.31874,1.31893,1.50,2.53
2011.05.23 11:10:16.646,1.31871,1.31893,1.50,2.53
2011.05.23 11:10:17.196,1.31871,1.31893,1.50,2.53
2011.05.23 11:10:17.739,1.31871,1.31891,1.50,1.50
2011.05.23 11:10:17.849,1.31868,1.3189,1.50,1.50
2011.05.23 11:10:17.959,1.31866,1.31889,1.50,2.18
2011.05.23 11:10:18.406,1.31865,1.31883,1.50,1.50
2011.05.23 11:10:19.438,1.31868,1.31883,1.09,1.50
2011.05.23 11:10:19.783,1.31872,1.31891,2.25,1.78
2011.05.23 11:10:19.902,1.31871,1.31893,1.50,2.53
2011.05.23 11:10:20.126,1.31871,1.31893,1.50,2.53
2011.05.23 11:10:20.237,1.31872,1.31893,1.50,2.53
2011.05.23 11:10:22.691,1.31872,1.31893,1.50,1.50
2011.05.23 11:10:23.128,1.31878,1.31893,1.50,1.50
2011.05.23 11:10:23.567,1.31873,1.31897,1.09,1.78
2011.05.23 11:10:23.678,1.31873,1.31897,1.09,1.78
2011.05.23 11:10:24.228,1.31873,1.31897,1.09,1.78
2011.05.23 11:10:24.997,1.31873,1.31897,1.84,1.78
2011.05.23 11:10:25.438,1.31873,1.31897,2.52,1.03
2011.05.23 11:10:25.547,1.31879,1.319,1.09,2.25
2011.05.23 11:10:27.438,1.31879,1.31899,1.09,1.50
2011.05.23 11:10:30.637,1.31877,1.319,1.50,1.50
2011.05.23 11:10:32.988,1.31873,1.31894,2.93,2.25
2011.05.23 11:10:33.098,1.31873,1.31894,1.50,2.25
2011.05.23 11:10:33.207,1.31873,1.31894,1.50,1.50
2011.05.23 11:10:33.722,1.31879,1.31893,1.50,2.25
2011.05.23 11:10:33.842,1.31876,1.31893,1.50,2.25
2011.05.23 11:10:33.959,1.31876,1.31897,2.25,1.24
2011.05.23 11:10:34.177,1.31882,1.31899,1.50,1.50
2011.05.23 11:10:34.726,1.31882,1.31899,1.50,1.99
2011.05.23 11:10:34.948,1.31882,1.31899,1.50,1.50
2011.05.23 11:10:35.059,1.31883,1.31898,1.50,1.50
2011.05.23 11:10:35.607,1.31877,1.31901,1.50,1.84
2011.05.23 11:10:36.707,1.3188,1.31902,1.50,1.84
2011.05.23 11:10:37.037,1.31878,1.31901,1.50,1.50
2011.05.23 11:10:37.146,1.31878,1.31899,1.50,1.50
2011.05.23 11:10:37.856,1.31878,1.31899,1.50,2.25
2011.05.23 11:10:37.973,1.31878,1.31898,1.50,2.18
2011.05.23 11:10:38.090,1.31878,1.31899,1.50,2.25
2011.05.23 11:10:38.211,1.31878,1.31898,1.50,1.24
2011.05.23 11:10:38.440,1.31884,1.319,1.50,1.50
2011.05.23 11:10:38.670,1.31887,1.31901,1.50,1.50
2011.05.23 11:10:38.898,1.31887,1.31904,2.25,1.50
2011.05.23 11:10:39.007,1.31888,1.31904,1.50,1.50
2011.05.23 11:10:39.337,1.31887,1.31912,1.50,2.25
2011.05.23 11:10:39.448,1.31887,1.31911,1.50,1.50
2011.05.23 11:10:39.666,1.31889,1.31911,1.50,1.50
2011.05.23 11:10:41.016,1.31885,1.31911,1.50,1.50
2011.05.23 11:10:41.127,1.31885,1.31911,1.50,1.50
2011.05.23 11:10:41.347,1.31885,1.3191,1.50,1.50
2011.05.23 11:10:41.677,1.31889,1.31912,1.50,2.25
2011.05.23 11:10:42.330,1.31891,1.31914,1.84,2.25
2011.05.23 11:10:42.558,1.31891,1.31914,1.84,1.50
2011.05.23 11:10:42.886,1.31891,1.31923,1.84,3.68
2011.05.23 11:10:43.216,1.31891,1.31919,1.84,1.50
2011.05.23 11:10:43.546,1.31891,1.31919,2.22,1.50
2011.05.23 11:10:45.139,1.31893,1.31921,1.50,1.24
2011.05.23 11:10:45.689,1.31903,1.31919,1.50,1.50
2011.05.23 11:10:45.909,1.31896,1.31923,1.50,1.78
2011.05.23 11:10:46.021,1.31894,1.31923,1.84,3.00
2011.05.23 11:10:46.250,1.31895,1.31921,1.50,1.50
2011.05.23 11:10:46.699,1.31895,1.31922,1.50,1.50
2011.05.23 11:10:47.028,1.31906,1.31924,4.77,1.50
2011.05.23 11:10:47.139,1.31906,1.31928,4.77,1.78
2011.05.23 11:10:47.704,1.31903,1.31931,1.84,1.50
2011.05.23 11:10:47.824,1.31903,1.31933,1.84,3.00
2011.05.23 11:10:48.490,1.31903,1.31933,3.27,3.00
2011.05.23 11:10:48.977,1.31906,1.31933,1.50,3.00
2011.05.23 11:10:49.310,1.31902,1.31928,1.50,2.25
2011.05.23 11:10:49.430,1.31902,1.31928,1.50,2.25
2011.05.23 11:10:49.769,1.31901,1.31925,1.50,1.50
2011.05.23 11:10:49.988,1.319,1.31925,1.50,1.50
2011.05.23 11:10:50.100,1.319,1.31923,1.50,1.50
2011.05.23 11:10:50.437,1.31901,1.31923,1.50,1.50
2011.05.23 11:10:50.657,1.31904,1.31929,1.50,1.50
2011.05.23 11:10:50.767,1.31904,1.31931,1.50,1.50
2011.05.23 11:10:51.404,1.31903,1.31932,2.25,1.50
2011.05.23 11:10:51.525,1.31905,1.31932,1.50,1.50
2011.05.23 11:10:51.637,1.31906,1.31933,1.50,3.27
2011.05.23 11:10:52.628,1.31905,1.31933,1.50,2.59
2011.05.23 11:10:53.176,1.31904,1.31932,1.50,2.25
2011.05.23 11:10:53.947,1.31904,1.31932,1.50,1.50
2011.05.23 11:10:54.277,1.31903,1.3193,1.88,1.50
2011.05.23 11:10:54.826,1.31907,1.3193,1.50,1.50
2011.05.23 11:10:57.282,1.31905,1.31932,1.50,1.50
2011.05.23 11:10:57.949,1.31906,1.31932,1.50,1.50
2011.05.23 11:10:58.178,1.31911,1.31933,1.50,1.50
2011.05.23 11:10:58.396,1.31911,1.3194,2.93,1.78
2011.05.23 11:10:58.617,1.31911,1.31939,2.18,1.50
2011.05.23 11:10:58.948,1.31912,1.31942,2.25,1.50
2011.05.23 11:10:59.280,1.31913,1.31942,1.09,1.50
2011.05.23 11:11:00.168,1.31913,1.31938,1.09,1.50
2011.05.23 11:11:00.387,1.31916,1.31942,1.50,1.50
2011.05.23 11:11:00.610,1.31919,1.31944,1.84,3.68
2011.05.23 11:11:00.731,1.31923,1.31944,1.09,2.25
2011.05.23 11:11:01.516,1.31923,1.31944,1.84,1.50
2011.05.23 11:11:02.292,1.31925,1.31944,1.43,1.50
2011.05.23 11:11:02.410,1.31922,1.31944,1.09,3.00
2011.05.23 11:11:02.530,1.31918,1.31942,1.50,1.50
2011.05.23 11:11:02.648,1.31917,1.31942,2.25,1.50
2011.05.23 11:11:03.200,1.31916,1.3194,2.59,1.50
2011.05.23 11:11:03.540,1.31914,1.31936,1.50,1.50
2011.05.23 11:11:03.872,1.31909,1.31932,1.50,1.50
2011.05.23 11:11:03.993,1.31904,1.31929,2.59,1.50
2011.05.23 11:11:04.605,1.31904,1.31929,1.84,1.50
2011.05.23 11:11:05.617,1.31904,1.31927,1.09,1.50
2011.05.23 11:11:05.948,1.31897,1.31922,5.25,1.50
2011.05.23 11:11:06.498,1.31897,1.31921,1.50,1.50
2011.05.23 11:11:06.829,1.31894,1.3192,1.50,2.25
2011.05.23 11:11:07.048,1.31893,1.31919,2.25,1.50
2011.05.23 11:11:07.157,1.31893,1.31918,2.25,1.84
2011.05.23 11:11:07.489,1.3189,1.31913,2.25,2.25
2011.05.23 11:11:07.601,1.3189,1.31913,1.50,3.00
2011.05.23 11:11:07.826,1.3189,1.31913,1.50,1.50
2011.05.23 11:11:08.376,1.3189,1.31913,2.25,2.25
2011.05.23 11:11:09.213,1.31891,1.31913,1.50,1.50
2011.05.23 11:11:09.449,1.31893,1.31919,1.50,1.50
2011.05.23 11:11:10.553,1.31896,1.3192,1.84,1.50
2011.05.23 11:11:10.780,1.31898,1.31923,1.50,1.50
2011.05.23 11:11:11.010,1.31899,1.3192,1.50,1.50
2011.05.23 11:11:11.570,1.31893,1.31916,1.50,1.50
2011.05.23 11:11:11.689,1.31891,1.31914,1.50,1.50
2011.05.23 11:11:13.023,1.31889,1.31917,1.50,2.74
2011.05.23 11:11:13.577,1.31888,1.31914,2.25,1.50
2011.05.23 11:11:14.126,1.31888,1.31914,2.25,1.50
2011.05.23 11:11:15.886,1.31889,1.31913,2.25,1.09
2011.05.23 11:11:15.998,1.31889,1.31913,1.50,1.84
2011.05.23 11:11:16.962,1.31888,1.31909,2.25,1.50
2011.05.23 11:11:17.298,1.31885,1.31911,1.50,1.50
2011.05.23 11:11:17.850,1.31884,1.31908,1.50,1.50
2011.05.23 11:11:18.425,1.31884,1.31909,2.25,1.50
2011.05.23 11:11:18.978,1.31884,1.3191,2.25,1.50
2011.05.23 11:11:19.527,1.31884,1.31907,1.50,2.25
2011.05.23 11:11:19.747,1.31881,1.31904,1.50,2.25
2011.05.23 11:11:20.888,1.31882,1.31904,2.63,3.00
2011.05.23 11:11:21.109,1.31884,1.31911,1.13,2.25
2011.05.23 11:11:21.701,1.31887,1.31911,2.25,1.50
2011.05.23 11:11:21.825,1.31887,1.31913,2.25,3.00
2011.05.23 11:11:23.148,1.31888,1.31911,1.50,1.50
2011.05.23 11:11:23.807,1.31886,1.31911,2.25,1.50
2011.05.23 11:11:24.138,1.31886,1.31909,1.50,1.50
2011.05.23 11:11:24.686,1.31882,1.31908,2.25,1.50
2011.05.23 11:11:25.136,1.31882,1.31908,2.25,1.50
2011.05.23 11:11:26.632,1.31882,1.31906,2.25,1.50
2011.05.23 11:11:26.967,1.31882,1.31905,1.50,1.50
2011.05.23 11:11:27.187,1.31882,1.31905,1.50,1.50
2011.05.23 11:11:27.738,1.31881,1.31906,1.50,1.50
2011.05.23 11:11:28.507,1.31881,1.31906,1.50,1.50
2011.05.23 11:11:29.388,1.31881,1.31906,1.50,1.50
2011.05.23 11:11:29.497,1.31881,1.31906,2.93,1.99
2011.05.23 11:11:31.366,1.31881,1.31906,1.50,1.50
2011.05.23 11:11:31.927,1.31881,1.31906,1.50,1.50
2011.05.23 11:11:32.370,1.31883,1.31908,1.50,2.74
2011.05.23 11:11:32.707,1.31889,1.31912,1.50,1.24
2011.05.23 11:11:32.817,1.31889,1.31914,1.50,3.00
2011.05.23 11:11:33.037,1.31888,1.31913,2.25,1.50
2011.05.23 11:11:33.367,1.31899,1.31913,1.50,1.50
2011.05.23 11:11:34.027,1.31899,1.31913,1.50,1.50
2011.05.23 11:11:37.297,1.31899,1.3191,1.50,1.50
2011.05.23 11:11:37.518,1.3189,1.31909,1.50,1.50
2011.05.23 11:11:38.376,1.31889,1.31905,1.50,1.50
2011.05.23 11:11:42.386,1.31889,1.31906,1.50,1.50
2011.05.23 11:11:45.648,1.31889,1.31906,1.50,1.50
2011.05.23 11:11:47.357,1.31889,1.31906,1.50,1.50
2011.05.23 11:11:47.798,1.31886,1.31906,1.50,2.25
2011.05.23 11:11:47.906,1.31886,1.31906,1.50,2.25
2011.05.23 11:11:51.378,1.31895,1.31906,1.50,1.50
2011.05.23 11:11:51.596,1.31887,1.31906,1.50,1.50
2011.05.23 11:11:52.458,1.31887,1.31905,1.50,1.50
2011.05.23 11:11:53.007,1.31885,1.31901,1.50,1.50
2011.05.23 11:11:53.556,1.31883,1.31901,1.50,1.50
2011.05.23 11:11:55.456,1.31883,1.31901,1.50,1.50
2011.05.23 11:11:55.787,1.31882,1.31901,1.50,1.50
2011.05.23 11:11:55.898,1.31879,1.31899,1.50,1.50
2011.05.23 11:11:56.227,1.31879,1.31898,2.25,1.50
2011.05.23 11:11:56.447,1.31879,1.31898,1.50,1.50
2011.05.23 11:11:56.666,1.31881,1.31901,1.50,2.33
2011.05.23 11:11:57.356,1.31883,1.31901,1.50,1.84
2011.05.23 11:11:58.347,1.31883,1.31901,1.50,1.99
2011.05.23 11:11:58.676,1.31886,1.31901,1.50,1.50
2011.05.23 11:12:00.028,1.31886,1.31903,1.50,2.25
2011.05.23 11:12:00.578,1.31887,1.31903,1.50,1.50
2011.05.23 11:12:00.687,1.31887,1.31905,1.50,1.50
2011.05.23 11:12:03.126,1.31887,1.31909,1.50,3.08
2011.05.23 11:12:03.238,1.31891,1.31909,1.50,2.59
2011.05.23 11:12:03.899,1.3189,1.31909,1.50,2.59
2011.05.23 11:12:04.337,1.3189,1.31909,1.50,1.09
2011.05.23 11:12:04.557,1.31891,1.31909,1.50,1.50
2011.05.23 11:12:04.888,1.31887,1.31905,2.25,1.50
2011.05.23 11:12:04.998,1.31885,1.31905,1.50,1.50
2011.05.23 11:12:05.327,1.31885,1.31909,1.50,1.50
2011.05.23 11:12:07.457,1.31888,1.31907,1.50,1.50
2011.05.23 11:12:08.037,1.31885,1.31907,2.25,1.50
2011.05.23 11:12:08.809,1.31885,1.31909,2.25,2.25
2011.05.23 11:12:10.935,1.31885,1.31908,1.50,1.50
2011.05.23 11:12:12.478,1.31885,1.31909,1.50,1.09
2011.05.23 11:12:13.076,1.31887,1.3191,2.25,1.09
2011.05.23 11:12:13.300,1.31887,1.3191,1.50,1.50
2011.05.23 11:12:16.827,1.31893,1.31909,1.50,1.50
2011.05.23 11:12:17.268,1.31893,1.31909,1.50,1.50
2011.05.23 11:12:19.329,1.31896,1.31911,1.50,1.50
2011.05.23 11:12:19.988,1.31898,1.31913,1.50,2.25
2011.05.23 11:12:22.847,1.31898,1.31913,1.50,2.25
2011.05.23 11:12:27.038,1.31898,1.31913,1.50,1.50
2011.05.23 11:12:27.582,1.31898,1.31909,1.50,1.50
2011.05.23 11:12:27.699,1.31898,1.31907,1.50,1.50
2011.05.23 11:12:28.029,1.31891,1.31907,1.50,1.50
2011.05.23 11:12:28.470,1.31891,1.3191,1.50,1.03
2011.05.23 11:12:29.028,1.31891,1.31914,1.50,1.50
2011.05.23 11:12:29.466,1.31891,1.31914,1.50,1.50
2011.05.23 11:12:29.796,1.31886,1.31914,4.50,1.50
2011.05.23 11:12:30.126,1.31886,1.31914,3.75,1.50
2011.05.23 11:12:30.346,1.31886,1.31914,3.75,1.50
2011.05.23 11:12:31.117,1.31887,1.31914,2.25,1.09
2011.05.23 11:12:31.340,1.31888,1.31917,4.02,1.50
2011.05.23 11:12:31.458,1.31892,1.31919,1.09,1.78
2011.05.23 11:12:31.568,1.31892,1.31919,1.09,1.78
2011.05.23 11:12:32.117,1.31893,1.3192,2.93,1.03
2011.05.23 11:12:32.879,1.31893,1.31922,2.93,1.50
2011.05.23 11:12:35.427,1.31893,1.31922,1.50,2.25
2011.05.23 11:12:36.969,1.31895,1.31922,3.00,1.50
2011.05.23 11:12:37.517,1.31897,1.31923,2.18,1.03
2011.05.23 11:12:39.466,1.31899,1.31923,1.43,1.03
2011.05.23 11:12:41.087,1.31897,1.31919,1.50,2.93
2011.05.23 11:12:41.308,1.31893,1.31919,1.50,2.93
2011.05.23 11:12:41.747,1.31893,1.3192,2.25,1.09
2011.05.23 11:12:42.297,1.31893,1.3192,4.43,1.09
2011.05.23 11:12:43.009,1.31896,1.31922,1.50,1.50
2011.05.23 11:12:43.227,1.31896,1.31922,1.50,1.50
2011.05.23 11:12:44.770,1.31897,1.31918,2.25,1.50
2011.05.23 11:12:45.818,1.31897,1.31918,1.50,1.50
2011.05.23 11:12:46.366,1.31897,1.31918,1.50,1.50
2011.05.23 11:12:46.920,1.3189,1.31918,2.25,1.50
2011.05.23 11:12:47.038,1.3189,1.31917,2.25,1.50
2011.05.23 11:12:47.479,1.3189,1.31915,1.50,1.50
2011.05.23 11:12:47.806,1.31892,1.31915,1.50,1.50
2011.05.23 11:12:48.136,1.31901,1.31915,1.50,1.50
2011.05.23 11:12:48.468,1.319,1.31913,1.50,1.50
2011.05.23 11:12:48.579,1.31897,1.31911,1.50,1.24
2011.05.23 11:12:48.687,1.31895,1.31911,1.50,1.24
2011.05.23 11:12:55.107,1.31895,1.31908,1.50,1.50
2011.05.23 11:12:55.437,1.31894,1.3191,1.50,2.46
2011.05.23 11:12:56.537,1.31894,1.3191,1.50,2.46
2011.05.23 11:12:59.226,1.31894,1.3191,1.50,1.71
2011.05.23 11:12:59.776,1.31894,1.3191,1.50,1.71
2011.05.23 11:13:00.114,1.31899,1.31913,1.50,3.66
2011.05.23 11:13:02.458,1.31891,1.3191,1.50,1.03
2011.05.23 11:13:11.466,1.31891,1.3191,1.50,1.03
2011.05.23 11:13:11.687,1.31886,1.3191,2.25,1.03
2011.05.23 11:13:11.799,1.31878,1.31902,2.25,1.09
2011.05.23 11:13:12.128,1.3189,1.3191,1.50,1.03
2011.05.23 11:13:12.238,1.31891,1.3191,1.50,1.03
2011.05.23 11:13:15.218,1.31887,1.31909,1.50,1.50
2011.05.23 11:13:15.768,1.3189,1.3191,1.50,1.03
2011.05.23 11:13:16.649,1.3189,1.3191,1.50,1.03
2011.05.23 11:13:17.196,1.3189,1.3191,1.50,1.03
2011.05.23 11:13:17.306,1.3189,1.3191,1.50,1.03
2011.05.23 11:13:20.807,1.31889,1.3191,1.50,1.03
2011.05.23 11:13:21.029,1.31886,1.3191,1.50,1.03
2011.05.23 11:13:23.666,1.31886,1.31908,1.50,1.78
2011.05.23 11:13:23.998,1.31885,1.31906,1.50,2.18
2011.05.23 11:13:24.735,1.31882,1.31903,1.50,1.43
2011.05.23 11:13:25.397,1.31882,1.31903,1.50,2.18
2011.05.23 11:13:25.838,1.31882,1.31904,1.50,1.03
2011.05.23 11:13:26.608,1.31884,1.31905,1.50,1.13
2011.05.23 11:13:26.827,1.31884,1.31903,1.50,1.43
2011.05.23 11:13:27.378,1.31882,1.31903,1.50,2.18
2011.05.23 11:13:27.598,1.31878,1.31903,1.50,2.93
2011.05.23 11:13:27.707,1.31877,1.31899,2.25,1.43
2011.05.23 11:13:28.256,1.31878,1.31899,1.50,1.43
2011.05.23 11:13:30.026,1.31878,1.31899,1.50,1.43
2011.05.23 11:13:32.307,1.31878,1.31899,1.50,1.71
2011.05.23 11:13:32.636,1.31883,1.31901,1.50,1.03
2011.05.23 11:13:33.078,1.31885,1.31904,1.50,3.62
2011.05.23 11:13:33.188,1.31886,1.31904,1.50,2.53
2011.05.23 11:13:33.299,1.31887,1.31904,1.50,1.78
2011.05.23 11:13:33.630,1.3189,1.31906,1.50,1.03
2011.05.23 11:13:33.968,1.31895,1.31911,1.50,1.03
2011.05.23 11:13:35.837,1.31892,1.31911,1.50,1.03
2011.05.23 11:13:35.949,1.31891,1.31909,1.50,1.09
2011.05.23 11:13:38.829,1.31891,1.31909,1.50,1.09
2011.05.23 11:13:39.061,1.31889,1.31914,1.50,1.37
2011.05.23 11:13:39.508,1.31887,1.31914,1.50,1.37
2011.05.23 11:13:39.837,1.31887,1.31912,1.50,1.50
2011.05.23 11:13:40.386,1.31891,1.31912,1.50,1.50
2011.05.23 11:13:41.158,1.31891,1.31912,1.50,1.50
2011.05.23 11:13:42.597,1.31889,1.31908,1.50,1.09
2011.05.23 11:13:42.707,1.31887,1.31908,1.50,1.09
2011.05.23 11:13:43.259,1.31888,1.31911,1.50,1.50
2011.05.23 11:13:43.367,1.3189,1.31913,1.50,1.09
2011.05.23 11:13:43.696,1.31892,1.31914,1.50,3.62
2011.05.23 11:13:44.729,1.31893,1.31914,1.50,5.79
2011.05.23 11:13:45.498,1.31896,1.31914,1.50,2.12
2011.05.23 11:13:46.377,1.31893,1.31915,1.50,2.12
2011.05.23 11:13:46.487,1.31892,1.31915,1.50,2.12
2011.05.23 11:13:47.257,1.31891,1.31913,1.50,1.09
2011.05.23 11:13:48.467,1.31894,1.31913,1.50,1.09
2011.05.23 11:13:49.018,1.31894,1.31915,1.50,1.03
2011.05.23 11:13:49.749,1.31896,1.31919,1.50,2.12
2011.05.23 11:13:50.300,1.31896,1.31917,1.50,1.50
2011.05.23 11:13:50.847,1.31896,1.31917,1.50,1.50
2011.05.23 11:13:51.617,1.31896,1.31917,1.50,1.50
2011.05.23 11:13:52.168,1.31896,1.31915,1.50,1.03
2011.05.23 11:13:52.716,1.31896,1.31915,1.50,1.03
2011.05.23 11:13:53.928,1.31895,1.31915,1.50,1.37
2011.05.23 11:13:54.367,1.31893,1.31913,1.50,1.50
2011.05.23 11:13:54.916,1.31893,1.31913,1.50,1.50
2011.05.23 11:13:55.359,1.31893,1.31913,1.50,1.50
2011.05.23 11:13:56.957,1.31895,1.31915,1.50,2.87
2011.05.23 11:13:57.508,1.31889,1.31915,1.50,1.37
2011.05.23 11:13:58.057,1.31891,1.31918,2.22,1.88
2011.05.23 11:13:58.277,1.31896,1.31918,1.50,1.13
2011.05.23 11:13:58.826,1.31896,1.31918,1.50,1.13
2011.05.23 11:14:00.187,1.31896,1.31918,1.50,1.24
2011.05.23 11:14:01.418,1.31896,1.31918,1.50,1.24
2011.05.23 11:14:01.638,1.31896,1.31919,2.25,1.24
2011.05.23 11:14:01.968,1.31896,1.31918,1.50,1.24
2011.05.23 11:14:03.068,1.31896,1.31923,2.25,1.78
2011.05.23 11:14:03.178,1.31896,1.31923,1.50,1.03
2011.05.23 11:14:04.387,1.31896,1.31923,1.50,1.03
2011.05.23 11:14:10.816,1.31896,1.31924,2.25,1.88
2011.05.23 11:14:11.256,1.31896,1.31924,2.25,1.88
2011.05.23 11:14:11.808,1.31896,1.31924,2.25,1.88
2011.05.23 11:14:12.469,1.31896,1.31922,1.50,1.03
2011.05.23 11:14:13.836,1.31896,1.31922,1.50,1.03
2011.05.23 11:14:14.276,1.31893,1.31918,1.50,1.50
2011.05.23 11:14:16.248,1.31889,1.31913,1.50,2.22
2011.05.23 11:14:16.577,1.31896,1.31915,1.50,1.50
2011.05.23 11:14:21.685,1.31894,1.31911,1.50,2.59
2011.05.23 11:14:22.019,1.31894,1.31909,1.50,1.50
2011.05.23 11:14:22.349,1.31896,1.31909,1.50,1.50
2011.05.23 11:14:22.897,1.31894,1.3191,1.50,1.13
2011.05.23 11:14:26.968,1.31895,1.3191,1.50,1.13
2011.05.23 11:14:27.627,1.31895,1.31911,1.50,1.50
2011.05.23 11:14:28.707,1.31895,1.3191,1.50,1.50
2011.05.23 11:14:29.478,1.31889,1.31911,1.50,1.50
2011.05.23 11:14:29.588,1.31888,1.31911,1.50,1.50
2011.05.23 11:14:29.807,1.31892,1.31911,1.50,1.50
2011.05.23 11:14:29.917,1.31892,1.31911,1.50,1.50
2011.05.23 11:14:30.578,1.31887,1.31907,2.25,1.43
2011.05.23 11:14:30.687,1.31887,1.31907,2.25,1.43
2011.05.23 11:14:31.128,1.31887,1.31909,1.50,1.13
2011.05.23 11:14:31.567,1.31886,1.31908,1.50,1.50
2011.05.23 11:14:34.467,1.3189,1.31911,1.50,2.93
2011.05.23 11:14:34.686,1.3189,1.31911,1.50,1.50
2011.05.23 11:14:37.397,1.31891,1.31912,1.50,1.88
2011.05.23 11:14:37.506,1.31892,1.31912,1.50,1.88
2011.05.23 11:14:38.828,1.31892,1.31909,1.50,1.09
2011.05.23 11:14:40.257,1.31888,1.31909,1.50,2.70
2011.05.23 11:14:40.807,1.31888,1.31909,1.50,1.09
2011.05.23 11:14:42.348,1.31888,1.31909,1.50,2.59
2011.05.23 11:14:42.957,1.31888,1.31909,1.50,1.84
2011.05.23 11:14:43.507,1.31888,1.31909,1.50,2.59
2011.05.23 11:14:43.837,1.31888,1.31908,1.50,2.25
2011.05.23 11:14:44.388,1.31885,1.31908,1.50,2.25
2011.05.23 11:14:45.587,1.31888,1.31908,1.50,2.53
2011.05.23 11:14:45.696,1.31888,1.31908,1.50,2.53
2011.05.23 11:14:47.016,1.31879,1.31908,3.68,2.53
2011.05.23 11:14:49.756,1.31881,1.31908,1.50,2.53
2011.05.23 11:14:50.417,1.31881,1.31908,2.93,2.53
2011.05.23 11:14:51.647,1.31881,1.31908,2.93,2.53
2011.05.23 11:14:52.566,1.31881,1.31908,2.93,2.53
2011.05.23 11:14:53.728,1.31882,1.31908,1.50,1.78
2011.05.23 11:14:55.086,1.3188,1.31908,2.93,2.53
2011.05.23 11:14:56.306,1.3188,1.31907,2.93,1.50
2011.05.23 11:14:56.638,1.3188,1.31907,3.68,1.50
2011.05.23 11:14:57.737,1.31882,1.31909,1.50,2.59
2011.05.23 11:15:00.157,1.31882,1.31908,1.50,1.50
2011.05.23 11:15:02.478,1.31882,1.31908,1.50,2.25
2011.05.23 11:15:02.916,1.31882,1.31908,1.50,2.25
2011.05.23 11:15:03.994,1.31878,1.31907,1.50,1.50
2011.05.23 11:15:04.113,1.31877,1.31906,3.75,1.50
2011.05.23 11:15:05.328,1.31877,1.31905,3.00,1.50
2011.05.23 11:15:05.876,1.31877,1.31905,3.75,1.50
2011.05.23 11:15:06.537,1.31877,1.31906,3.75,1.50
2011.05.23 11:15:11.266,1.31877,1.31904,3.00,1.50
2011.05.23 11:15:11.818,1.31877,1.31903,3.00,1.50
2011.05.23 11:15:12.697,1.31877,1.31902,1.50,1.50
2011.05.23 11:15:13.246,1.31876,1.31901,1.50,2.18
2011.05.23 11:15:13.782,1.31874,1.31901,1.50,2.18
2011.05.23 11:15:13.899,1.31874,1.31902,1.50,1.50
2011.05.23 11:15:14.227,1.31874,1.31901,1.50,2.18
2011.05.23 11:15:15.438,1.31874,1.31896,2.25,1.50
2011.05.23 11:15:15.549,1.31873,1.31896,1.50,1.50
2011.05.23 11:15:15.767,1.3187,1.31895,1.50,1.50
2011.05.23 11:15:15.987,1.31873,1.31898,1.50,1.84
2011.05.23 11:15:16.316,1.31873,1.31898,1.50,1.09
2011.05.23 11:15:16.426,1.31873,1.31898,1.50,1.09
2011.05.23 11:15:18.906,1.31873,1.31899,1.50,1.84
2011.05.23 11:15:19.678,1.31873,1.31898,1.50,1.84
2011.05.23 11:15:20.242,1.31873,1.31898,1.50,1.84
2011.05.23 11:15:21.132,1.3187,1.31897,1.50,2.93
2011.05.23 11:15:22.458,1.3187,1.31897,1.50,2.93
2011.05.23 11:15:22.792,1.31868,1.31893,1.50,1.09
2011.05.23 11:15:23.131,1.31867,1.31885,1.50,1.50
2011.05.23 11:15:23.250,1.31859,1.31882,1.50,1.84
2011.05.23 11:15:23.469,1.31857,1.3188,2.25,1.50
2011.05.23 11:15:23.798,1.31852,1.3188,1.50,2.25
2011.05.23 11:15:24.317,1.31852,1.31878,1.50,1.09
2011.05.23 11:15:27.528,1.31851,1.3188,1.50,1.50
2011.05.23 11:15:27.968,1.31855,1.31883,1.50,1.50
2011.05.23 11:15:28.517,1.31857,1.31884,1.50,2.25
2011.05.23 11:15:29.608,1.31858,1.31884,1.50,2.25
2011.05.23 11:15:29.938,1.31859,1.31879,1.50,1.09
2011.05.23 11:15:30.158,1.31855,1.3188,1.50,1.50
2011.05.23 11:15:30.593,1.31855,1.31881,1.50,1.50
2011.05.23 11:15:30.714,1.31857,1.31884,1.50,3.00
2011.05.23 11:15:30.827,1.31858,1.31884,1.50,2.25
2011.05.23 11:15:31.378,1.31855,1.31883,2.25,2.25
2011.05.23 11:15:33.248,1.31855,1.31882,2.25,1.50
2011.05.23 11:15:33.578,1.31855,1.31881,2.63,1.43
2011.05.23 11:15:34.128,1.31857,1.31882,1.50,2.18
2011.05.23 11:15:34.899,1.31857,1.31882,1.50,2.18
2011.05.23 11:15:35.119,1.3186,1.31884,1.50,1.50
2011.05.23 11:15:35.232,1.31862,1.31884,1.50,1.50
2011.05.23 11:15:35.569,1.31862,1.31888,1.50,1.50
2011.05.23 11:15:36.060,1.31864,1.31891,1.13,3.68
2011.05.23 11:15:36.389,1.31864,1.31892,1.50,1.09
2011.05.23 11:15:36.718,1.31867,1.31894,1.50,2.25
2011.05.23 11:15:38.367,1.31867,1.31894,2.93,2.25
2011.05.23 11:15:42.709,1.31871,1.31894,2.18,1.50
2011.05.23 11:15:44.489,1.31872,1.3189,1.43,1.50
2011.05.23 11:15:44.599,1.31867,1.3189,1.50,1.84
2011.05.23 11:15:44.821,1.31867,1.31892,3.68,1.50
2011.05.23 11:15:44.940,1.3187,1.31894,1.50,1.50
2011.05.23 11:15:45.277,1.31864,1.31893,2.25,2.93
2011.05.23 11:15:46.021,1.31867,1.31893,1.50,2.93
2011.05.23 11:15:48.011,1.31863,1.31892,2.25,2.18
2011.05.23 11:15:48.612,1.31863,1.31891,2.25,1.50
2011.05.23 11:15:49.497,1.31863,1.31892,2.25,1.50
2011.05.23 11:15:51.200,1.31868,1.31894,1.50,3.00
2011.05.23 11:15:51.310,1.3187,1.31894,1.50,2.25
2011.05.23 11:15:51.648,1.31872,1.31894,2.25,1.50
2011.05.23 11:15:51.758,1.31876,1.31901,1.50,3.00
2011.05.23 11:15:51.977,1.31875,1.319,1.50,1.50
2011.05.23 11:15:52.526,1.31873,1.31899,1.50,1.50
2011.05.23 11:15:53.076,1.31872,1.31899,1.50,1.50
2011.05.23 11:15:53.518,1.31873,1.319,1.50,1.50
2011.05.23 11:15:53.969,1.31874,1.31902,2.93,1.78
2011.05.23 11:15:54.087,1.3188,1.31903,1.50,3.00
2011.05.23 11:15:55.869,1.3188,1.31903,1.50,2.25
2011.05.23 11:15:57.123,1.31889,1.31903,1.43,2.25
2011.05.23 11:15:57.457,1.31886,1.31908,1.50,1.50
2011.05.23 11:15:57.568,1.31883,1.31908,1.50,1.50
2011.05.23 11:15:57.787,1.31881,1.31908,2.25,1.50
2011.05.23 11:15:57.898,1.31882,1.31907,1.50,1.50
2011.05.23 11:15:58.449,1.31882,1.31908,1.50,1.09
2011.05.23 11:15:58.558,1.31882,1.31909,1.50,1.09
2011.05.23 11:15:58.886,1.31881,1.31908,2.93,1.09
2011.05.23 11:16:00.851,1.31881,1.31907,1.50,1.13
2011.05.23 11:16:00.970,1.31877,1.31903,3.75,1.50
2011.05.23 11:16:03.500,1.31878,1.31904,2.25,3.00
2011.05.23 11:16:04.140,1.3188,1.31904,1.50,2.25
2011.05.23 11:16:04.687,1.31881,1.3191,1.84,2.53
2011.05.23 11:16:05.016,1.31885,1.3191,1.43,2.53
2011.05.23 11:16:05.128,1.31886,1.3191,1.43,2.53
2011.05.23 11:16:05.740,1.31887,1.3191,1.43,1.03
2011.05.23 11:16:06.286,1.31887,1.31909,1.43,1.50
2011.05.23 11:16:06.397,1.31883,1.31909,2.93,1.50
2011.05.23 11:16:06.947,1.31883,1.31909,2.93,1.55
2011.05.23 11:16:07.553,1.31883,1.31909,2.93,1.55
2011.05.23 11:16:08.216,1.31883,1.31909,2.18,2.30
2011.05.23 11:16:08.440,1.31883,1.31909,1.50,1.55
2011.05.23 11:16:08.557,1.31883,1.31909,2.25,1.55
2011.05.23 11:16:08.887,1.31885,1.3191,1.50,1.13
2011.05.23 11:16:11.841,1.31877,1.31904,3.00,1.13
2011.05.23 11:16:12.290,1.31879,1.31903,1.84,1.50
2011.05.23 11:16:12.509,1.31879,1.31902,1.50,1.50
2011.05.23 11:16:12.728,1.31877,1.31904,1.50,1.88
2011.05.23 11:16:13.167,1.31877,1.31903,1.50,1.50
2011.05.23 11:16:13.717,1.31877,1.31903,1.50,1.50
2011.05.23 11:16:13.827,1.31877,1.31904,1.50,1.88
2011.05.23 11:16:14.490,1.31877,1.31904,1.50,1.88
2011.05.23 11:16:15.048,1.3188,1.31906,1.09,1.50
2011.05.23 11:16:15.377,1.3188,1.31906,2.52,1.50
2011.05.23 11:16:16.529,1.3188,1.31906,2.18,2.25
2011.05.23 11:16:17.517,1.31877,1.31905,2.59,1.50
2011.05.23 11:16:18.719,1.31877,1.31905,1.50,1.84
2011.05.23 11:16:19.047,1.31877,1.31903,1.50,1.50
2011.05.23 11:16:19.377,1.31876,1.31901,2.25,1.50
2011.05.23 11:16:19.929,1.31877,1.319,2.25,1.50
2011.05.23 11:16:20.408,1.31877,1.31903,2.25,4.24
2011.05.23 11:16:21.822,1.31877,1.31902,2.25,1.50
2011.05.23 11:16:22.818,1.31877,1.31899,1.50,1.50
2011.05.23 11:16:23.366,1.31877,1.31897,1.50,1.50
2011.05.23 11:16:25.547,1.31872,1.31897,1.50,1.50
2011.05.23 11:16:25.767,1.31877,1.31897,1.50,1.50
2011.05.23 11:16:27.187,1.31877,1.31901,2.25,1.24
2011.05.23 11:16:27.748,1.31877,1.319,2.25,1.24
2011.05.23 11:16:27.969,1.31877,1.31902,2.25,1.43
2011.05.23 11:16:28.080,1.31875,1.31902,1.50,1.43
2011.05.23 11:16:28.419,1.31876,1.31904,1.50,1.78
2011.05.23 11:16:29.003,1.31877,1.31903,2.25,2.25
2011.05.23 11:16:29.449,1.31877,1.31903,2.25,2.25
2011.05.23 11:16:29.667,1.31877,1.31903,2.25,2.74
2011.05.23 11:16:30.217,1.31877,1.31903,2.25,2.25
2011.05.23 11:16:30.437,1.31877,1.31902,2.25,1.24
2011.05.23 11:16:30.547,1.31877,1.31902,2.25,1.50
2011.05.23 11:16:31.357,1.31877,1.31901,2.25,1.24
2011.05.23 11:16:31.467,1.31877,1.31901,2.25,1.24
2011.05.23 11:16:31.906,1.31877,1.31901,2.25,1.24
2011.05.23 11:16:32.458,1.31874,1.319,1.50,2.93
2011.05.23 11:16:32.679,1.31874,1.31903,2.25,2.25
2011.05.23 11:16:32.897,1.31874,1.31899,2.25,1.50
2011.05.23 11:16:33.446,1.31876,1.31899,2.25,1.50
2011.05.23 11:16:33.557,1.31876,1.319,2.25,1.24
2011.05.23 11:16:34.128,1.31876,1.31901,2.25,1.24
2011.05.23 11:16:34.884,1.31877,1.31902,1.50,1.99
2011.05.23 11:16:35.004,1.31877,1.319,2.25,2.93
2011.05.23 11:16:35.337,1.31877,1.31903,3.00,3.49
2011.05.23 11:16:37.538,1.31877,1.31903,3.00,2.25
2011.05.23 11:16:37.758,1.31877,1.31903,3.00,2.25
2011.05.23 11:16:38.087,1.31877,1.31903,3.00,3.00
2011.05.23 11:16:38.637,1.31877,1.31898,1.50,1.50
2011.05.23 11:16:39.226,1.3187,1.31896,2.25,1.50
2011.05.23 11:16:39.341,1.31877,1.31896,1.50,1.50
2011.05.23 11:16:39.682,1.31886,1.31904,2.18,1.03
2011.05.23 11:16:39.803,1.31884,1.31907,1.77,1.99
2011.05.23 11:16:39.920,1.31887,1.31903,1.50,1.50
2011.05.23 11:16:40.590,1.3189,1.3191,1.50,1.03
2011.05.23 11:16:41.039,1.31892,1.31916,2.18,1.50
2011.05.23 11:16:41.151,1.31892,1.31913,2.18,1.50
2011.05.23 11:16:41.379,1.31891,1.31913,1.50,1.03
2011.05.23 11:16:41.707,1.31891,1.31913,1.84,1.03
2011.05.23 11:16:41.818,1.31891,1.31914,2.59,2.25
2011.05.23 11:16:41.929,1.31891,1.31914,2.59,2.25
2011.05.23 11:16:42.806,1.31891,1.31914,1.84,2.25
2011.05.23 11:16:43.356,1.31891,1.31914,2.59,2.25
2011.05.23 11:16:44.226,1.31894,1.31914,1.50,2.25
2011.05.23 11:16:45.388,1.31896,1.3192,1.50,1.03
2011.05.23 11:16:45.608,1.31896,1.3192,3.00,1.03
2011.05.23 11:16:45.828,1.31896,1.3192,3.00,1.03
2011.05.23 11:16:46.050,1.31896,1.31921,3.75,1.03
2011.05.23 11:16:46.382,1.31905,1.31927,1.50,2.25
2011.05.23 11:16:46.501,1.31907,1.31928,1.50,1.50
2011.05.23 11:16:46.839,1.31907,1.31929,1.50,1.03
2011.05.23 11:16:46.948,1.31902,1.3193,3.00,1.78
2011.05.23 11:16:47.480,1.31906,1.3193,1.50,1.50
2011.05.23 11:16:47.807,1.31906,1.3193,1.50,1.50
2011.05.23 11:16:48.247,1.31907,1.31933,1.50,1.78
2011.05.23 11:16:48.577,1.31908,1.31933,1.84,1.03
2011.05.23 11:16:48.908,1.31913,1.31934,1.09,1.50
2011.05.23 11:16:49.348,1.3191,1.31933,1.50,1.50
2011.05.23 11:16:49.568,1.31908,1.31933,1.50,2.25
2011.05.23 11:16:49.787,1.31908,1.31933,3.00,2.25
2011.05.23 11:16:50.117,1.31908,1.31933,2.25,2.25
2011.05.23 11:16:50.667,1.31909,1.31933,1.50,2.25
2011.05.23 11:16:50.997,1.31913,1.31936,1.09,2.25
2011.05.23 11:16:51.217,1.31913,1.31936,1.09,1.50
2011.05.23 11:16:51.327,1.31911,1.31936,1.09,1.50
2011.05.23 11:16:51.742,1.31917,1.31936,1.50,1.50
2011.05.23 11:16:54.917,1.31917,1.31934,1.50,1.50
2011.05.23 11:16:55.029,1.31913,1.31934,1.09,1.50
2011.05.23 11:16:55.248,1.31913,1.31935,1.09,1.50
2011.05.23 11:16:55.578,1.31916,1.31935,1.50,1.50
2011.05.23 11:16:55.800,1.31913,1.31937,3.27,2.25
2011.05.23 11:16:55.917,1.31913,1.31936,1.09,1.24
2011.05.23 11:16:56.357,1.31916,1.31933,1.50,1.50
2011.05.23 11:16:57.457,1.31916,1.31933,1.50,1.50
2011.05.23 11:16:57.567,1.31909,1.31932,3.68,1.50
2011.05.23 11:16:57.679,1.31916,1.31934,1.09,1.24
2011.05.23 11:16:58.134,1.31919,1.31934,1.43,1.24
2011.05.23 11:16:58.256,1.31907,1.31931,1.50,1.50
2011.05.23 11:16:58.808,1.31907,1.31931,1.50,1.50
2011.05.23 11:17:00.459,1.31907,1.3193,1.84,1.50
2011.05.23 11:17:00.569,1.31908,1.3193,1.09,1.50
2011.05.23 11:17:01.116,1.31909,1.3193,2.18,1.50
2011.05.23 11:17:01.337,1.31909,1.31931,2.18,1.50
2011.05.23 11:17:01.450,1.31912,1.31933,2.59,2.25
2011.05.23 11:17:01.780,1.31918,1.31939,2.59,2.25
2011.05.23 11:17:01.900,1.31914,1.31938,1.77,1.50
2011.05.23 11:17:02.018,1.31919,1.31938,1.43,1.50
2011.05.23 11:17:02.128,1.31914,1.31938,1.77,1.50
2011.05.23 11:17:02.662,1.31916,1.31938,1.84,1.50
2011.05.23 11:17:02.889,1.31916,1.31934,1.50,1.24
2011.05.23 11:17:03.437,1.31916,1.31934,1.50,1.50
2011.05.23 11:17:04.207,1.31916,1.31935,1.50,1.50
2011.05.23 11:17:04.536,1.3191,1.31935,3.27,1.50
2011.05.23 11:17:04.757,1.31917,1.31935,1.50,1.50
2011.05.23 11:17:05.868,1.31917,1.31934,1.50,1.50
2011.05.23 11:17:07.299,1.31917,1.31938,1.50,1.50
2011.05.23 11:17:07.630,1.31917,1.31937,1.50,1.50
2011.05.23 11:17:10.130,1.31917,1.31935,1.50,1.50
2011.05.23 11:17:10.567,1.31909,1.31931,1.50,1.50
2011.05.23 11:17:11.117,1.31908,1.3193,1.50,1.50
2011.05.23 11:17:11.667,1.3191,1.31934,2.25,2.25
2011.05.23 11:17:11.890,1.31915,1.31937,1.09,1.43
2011.05.23 11:17:12.001,1.31918,1.31944,1.50,3.28
2011.05.23 11:17:12.338,1.31921,1.31945,1.09,1.50
2011.05.23 11:17:12.667,1.31921,1.31946,1.09,1.50
2011.05.23 11:17:13.571,1.31923,1.31947,1.50,1.50
2011.05.23 11:17:13.907,1.31927,1.31947,1.50,1.50
2011.05.23 11:17:15.120,1.31927,1.3195,2.25,1.50
2011.05.23 11:17:15.352,1.31927,1.31951,2.25,2.25
2011.05.23 11:17:15.906,1.31927,1.31951,1.50,2.25
2011.05.23 11:17:16.461,1.31931,1.31951,1.50,1.50
2011.05.23 11:17:16.689,1.31933,1.31955,1.50,1.50
2011.05.23 11:17:17.237,1.31936,1.31956,1.50,1.50
2011.05.23 11:17:17.897,1.31936,1.31953,1.50,1.50
2011.05.23 11:17:18.471,1.31936,1.31952,1.50,1.50
2011.05.23 11:17:18.594,1.31926,1.3195,2.25,1.50
2011.05.23 11:17:18.817,1.31927,1.31949,1.50,1.50
2011.05.23 11:17:19.368,1.31927,1.31948,2.25,1.50
2011.05.23 11:17:20.249,1.31928,1.31951,2.25,2.74
2011.05.23 11:17:20.368,1.31932,1.31951,1.50,2.74
2011.05.23 11:17:20.587,1.31926,1.31947,1.50,1.50
2011.05.23 11:17:23.018,1.31926,1.31948,2.25,1.50
2011.05.23 11:17:23.128,1.31926,1.31949,4.43,1.50
2011.05.23 11:17:23.658,1.31932,1.31951,1.50,2.25
2011.05.23 11:17:23.777,1.31926,1.31948,1.50,1.50
2011.05.23 11:17:24.441,1.31926,1.31946,1.50,1.50
2011.05.23 11:17:24.672,1.31926,1.31946,1.50,1.50
2011.05.23 11:17:25.229,1.31926,1.31949,1.50,1.03
2011.05.23 11:17:32.658,1.31926,1.31945,2.93,1.50
2011.05.23 11:17:32.768,1.3192,1.31945,2.25,1.50
2011.05.23 11:17:32.879,1.31916,1.31938,2.25,1.50
2011.05.23 11:17:33.098,1.31916,1.31938,1.50,1.50
2011.05.23 11:17:33.427,1.31916,1.31938,1.50,1.50
2011.05.23 11:17:35.192,1.31916,1.31938,1.50,1.50
2011.05.23 11:17:35.527,1.31922,1.31938,1.50,1.50
2011.05.23 11:17:36.600,1.31918,1.31937,1.50,1.50
2011.05.23 11:17:37.159,1.31918,1.31934,1.50,1.50
2011.05.23 11:17:37.766,1.31918,1.31934,1.50,1.50
2011.05.23 11:17:38.317,1.31918,1.31933,1.50,1.50
2011.05.23 11:17:38.886,1.31918,1.31934,1.50,1.50
2011.05.23 11:17:39.436,1.31918,1.31938,1.50,1.09
2011.05.23 11:17:39.768,1.31918,1.31939,1.50,1.13
2011.05.23 11:17:39.880,1.31916,1.31938,1.50,3.08
2011.05.23 11:17:39.999,1.31916,1.31938,1.50,2.59
2011.05.23 11:17:40.662,1.3191,1.31931,1.50,2.52
2011.05.23 11:17:40.779,1.3191,1.31931,1.50,1.09
2011.05.23 11:17:40.888,1.3191,1.31931,1.50,1.09
2011.05.23 11:17:41.218,1.3191,1.31933,1.50,1.88
2011.05.23 11:17:41.328,1.31912,1.31933,1.50,1.13
2011.05.23 11:17:41.783,1.31911,1.31932,1.50,1.50
2011.05.23 11:17:41.897,1.31908,1.31932,1.50,1.50
2011.05.23 11:17:42.559,1.31908,1.31931,1.50,1.84
2011.05.23 11:17:44.117,1.31908,1.3193,1.50,2.18
2011.05.23 11:17:44.229,1.31911,1.31931,1.50,1.50
2011.05.23 11:17:44.450,1.3192,1.31937,1.50,1.78
2011.05.23 11:17:44.558,1.3192,1.3194,1.50,1.50
2011.05.23 11:17:44.667,1.3192,1.3194,1.50,1.50
2011.05.23 11:17:44.998,1.3192,1.3194,1.50,1.50
2011.05.23 11:17:48.319,1.3192,1.31942,1.50,1.78
2011.05.23 11:17:50.687,1.3192,1.31942,1.50,1.50
2011.05.23 11:17:51.198,1.3192,1.31941,1.50,1.50
2011.05.23 11:17:51.748,1.31919,1.31947,2.25,1.50
2011.05.23 11:17:52.296,1.31919,1.3195,3.00,1.50
2011.05.23 11:17:53.286,1.31919,1.3195,3.00,1.50
2011.05.23 11:17:54.166,1.3192,1.3195,1.50,1.50
2011.05.23 11:17:54.717,1.3192,1.3195,2.25,1.50
2011.05.23 11:17:55.378,1.3192,1.3195,2.25,1.50
2011.05.23 11:17:55.602,1.31922,1.31951,2.22,2.18
2011.05.23 11:17:55.938,1.31931,1.31954,1.09,2.25
2011.05.23 11:17:58.218,1.31931,1.31959,1.09,1.50
2011.05.23 11:17:58.328,1.31932,1.31959,1.50,1.50
2011.05.23 11:17:59.208,1.31932,1.31959,1.50,1.50
2011.05.23 11:17:59.756,1.3193,1.31959,1.50,1.50
2011.05.23 11:18:00.308,1.3193,1.31958,1.50,2.18
2011.05.23 11:18:00.417,1.3193,1.31959,1.50,1.50
2011.05.23 11:18:00.968,1.3193,1.31959,1.50,1.50
2011.05.23 11:18:01.190,1.31933,1.31959,1.50,1.50
2011.05.23 11:18:01.778,1.31934,1.31961,2.18,1.50
2011.05.23 11:18:01.892,1.3193,1.3196,1.13,1.50
2011.05.23 11:18:02.449,1.3193,1.3196,1.13,1.50
2011.05.23 11:18:02.778,1.31929,1.3196,2.59,1.50
2011.05.23 11:18:02.999,1.31929,1.3196,2.97,1.50
2011.05.23 11:18:03.440,1.31939,1.31963,1.88,2.25
2011.05.23 11:18:03.668,1.31941,1.31963,1.09,1.50
2011.05.23 11:18:03.779,1.31948,1.31969,1.50,1.50
2011.05.23 11:18:04.107,1.31948,1.31971,1.50,1.50
2011.05.23 11:18:04.217,1.31948,1.31972,1.50,1.50
2011.05.23 11:18:04.658,1.3195,1.31972,1.50,1.50
2011.05.23 11:18:05.672,1.31951,1.31971,1.50,1.50
2011.05.23 11:18:05.790,1.31951,1.31971,1.50,1.50
2011.05.23 11:18:07.217,1.31956,1.31972,1.50,1.24
2011.05.23 11:18:07.327,1.31956,1.31971,1.50,1.50
2011.05.23 11:18:07.440,1.31952,1.31969,1.50,1.50
2011.05.23 11:18:07.658,1.31947,1.31967,1.50,1.50
2011.05.23 11:18:08.317,1.31952,1.31968,1.50,1.50
2011.05.23 11:18:08.427,1.31952,1.3197,1.50,1.50
2011.05.23 11:18:08.979,1.31952,1.3197,1.50,1.50
2011.05.23 11:18:09.860,1.31952,1.31969,1.50,1.50
2011.05.23 11:18:10.308,1.31953,1.31968,1.50,1.50
2011.05.23 11:18:10.821,1.3195,1.31969,1.50,1.24
2011.05.23 11:18:10.944,1.31951,1.3197,1.50,1.99
2011.05.23 11:18:11.278,1.31945,1.31967,1.50,1.50
2011.05.23 11:18:15.579,1.31942,1.31966,1.50,1.50
2011.05.23 11:18:15.691,1.31942,1.31963,1.50,1.50
2011.05.23 11:18:16.195,1.31938,1.31963,1.13,1.99
2011.05.23 11:18:16.418,1.31941,1.31963,1.50,1.50
2011.05.23 11:18:18.617,1.31941,1.3196,1.50,1.50
2011.05.23 11:18:18.949,1.31937,1.3196,1.50,1.50
2011.05.23 11:18:19.168,1.31939,1.31958,1.50,1.50
2011.05.23 11:18:19.388,1.31938,1.3196,1.50,1.50
2011.05.23 11:18:19.826,1.31937,1.3196,1.50,1.50
2011.05.23 11:18:20.379,1.31934,1.31958,1.50,1.50
2011.05.23 11:18:23.007,1.31936,1.31962,1.50,1.50
2011.05.23 11:18:24.547,1.31937,1.31962,1.50,1.50
2011.05.23 11:18:24.876,1.31939,1.31963,1.50,2.25
2011.05.23 11:18:26.977,1.31941,1.31963,1.50,2.25
2011.05.23 11:18:27.091,1.31941,1.31963,1.50,1.50
2011.05.23 11:18:27.208,1.31947,1.31967,1.50,1.50
2011.05.23 11:18:27.316,1.31947,1.31967,1.50,1.50
2011.05.23 11:18:28.246,1.31945,1.31967,1.50,1.50
2011.05.23 11:18:28.469,1.3194,1.31959,1.50,1.09
2011.05.23 11:18:28.690,1.31938,1.31959,1.50,1.09
2011.05.23 11:18:28.798,1.31938,1.31957,1.50,1.09
2011.05.23 11:18:28.907,1.31935,1.31957,2.25,1.09
2011.05.23 11:18:29.347,1.31934,1.31957,1.50,1.84
2011.05.23 11:18:30.498,1.31928,1.31948,1.50,1.09
2011.05.23 11:18:30.608,1.31926,1.31947,1.50,1.09
2011.05.23 11:18:30.719,1.31922,1.31944,1.50,1.09
2011.05.23 11:18:31.294,1.31918,1.31944,1.50,2.18
2011.05.23 11:18:31.407,1.31918,1.31949,1.50,1.03
2011.05.23 11:18:31.738,1.31926,1.31948,1.50,1.50
2011.05.23 11:18:32.288,1.31928,1.31948,1.50,1.50
2011.05.23 11:18:32.617,1.31928,1.31951,1.50,1.78
2011.05.23 11:18:33.716,1.31928,1.31952,1.50,1.03
2011.05.23 11:18:34.270,1.31944,1.31953,1.50,1.03
2011.05.23 11:18:34.387,1.31944,1.31955,1.50,1.03
2011.05.23 11:18:34.497,1.31944,1.31957,1.50,2.25
2011.05.23 11:18:34.608,1.31934,1.31957,2.25,2.25
2011.05.23 11:18:34.828,1.3194,1.31957,1.50,1.50
2011.05.23 11:18:35.268,1.3194,1.3196,1.50,1.50
2011.05.23 11:18:36.588,1.31934,1.3196,1.50,1.50
2011.05.23 11:18:36.807,1.31933,1.31958,2.25,1.50
2011.05.23 11:18:37.357,1.31934,1.31958,1.50,1.50
2011.05.23 11:18:37.819,1.31939,1.31959,3.27,1.50
2011.05.23 11:18:38.148,1.31951,1.31965,1.50,1.78
2011.05.23 11:18:38.479,1.31944,1.31965,1.50,1.78
2011.05.23 11:18:38.699,1.31944,1.31963,1.50,1.09
2011.05.23 11:18:39.137,1.31946,1.31963,1.50,1.09
2011.05.23 11:18:39.358,1.31946,1.31963,1.50,1.09
2011.05.23 11:18:39.802,1.3194,1.31963,1.50,1.50
2011.05.23 11:18:40.247,1.3194,1.31966,1.50,1.50
2011.05.23 11:18:40.797,1.31939,1.31963,1.50,1.50
2011.05.23 11:18:41.347,1.31939,1.31963,1.50,1.50
2011.05.23 11:18:42.848,1.31939,1.31963,1.50,2.25
2011.05.23 11:18:43.452,1.31932,1.31963,1.50,4.84
2011.05.23 11:18:43.568,1.31931,1.31963,1.50,4.84
2011.05.23 11:18:44.947,1.31931,1.31961,1.50,1.50
2011.05.23 11:18:45.167,1.31931,1.31961,1.50,1.50
2011.05.23 11:18:45.716,1.31931,1.31961,1.50,1.50
2011.05.23 11:18:46.267,1.31934,1.31963,1.50,4.09
2011.05.23 11:18:46.818,1.31935,1.31963,1.50,4.09
2011.05.23 11:18:47.367,1.31934,1.31963,1.50,4.09
2011.05.23 11:18:49.529,1.31934,1.31963,1.50,4.84
2011.05.23 11:18:50.078,1.31933,1.31963,2.25,4.84
2011.05.23 11:18:52.777,1.31934,1.31963,1.50,4.84
2011.05.23 11:18:53.549,1.31935,1.31963,1.09,2.25
2011.05.23 11:18:54.207,1.31935,1.31962,1.47,1.50
2011.05.23 11:18:54.991,1.31935,1.31962,1.13,2.25
2011.05.23 11:18:55.110,1.31933,1.3196,1.50,1.50
2011.05.23 11:18:55.440,1.31932,1.31959,1.50,1.50
2011.05.23 11:18:56.092,1.3193,1.31959,3.00,1.50
2011.05.23 11:18:56.760,1.31929,1.31958,3.00,1.09
2011.05.23 11:18:57.097,1.31928,1.31957,1.50,2.25
2011.05.23 11:18:57.646,1.31927,1.31957,3.00,1.50
2011.05.23 11:19:02.866,1.31927,1.31957,1.50,1.50
2011.05.23 11:19:02.976,1.31926,1.31957,3.75,1.50
2011.05.23 11:19:03.637,1.31926,1.31954,3.75,1.50
2011.05.23 11:19:03.968,1.31926,1.31954,4.50,1.50
2011.05.23 11:19:04.187,1.31927,1.31954,1.50,1.50
2011.05.23 11:19:04.740,1.31926,1.31951,3.00,1.50
2011.05.23 11:19:04.967,1.31923,1.3195,2.25,1.50
2011.05.23 11:19:06.648,1.31926,1.31951,1.50,2.25
2011.05.23 11:19:08.466,1.31926,1.31955,3.00,1.78
2011.05.23 11:19:08.907,1.31925,1.31952,1.50,1.84
2011.05.23 11:19:09.346,1.31927,1.31952,1.50,1.84
2011.05.23 11:19:12.707,1.31927,1.31949,1.50,1.50
2011.05.23 11:19:13.258,1.31927,1.31949,1.50,1.50
2011.05.23 11:19:13.587,1.31921,1.31948,1.50,1.09
2011.05.23 11:19:13.697,1.31921,1.31948,1.50,1.84
2011.05.23 11:19:14.248,1.31918,1.31945,1.50,3.00
2011.05.23 11:19:16.357,1.31917,1.31945,2.25,3.00
2011.05.23 11:19:17.787,1.31917,1.31945,2.25,2.25
2011.05.23 11:19:17.899,1.31917,1.3194,1.50,1.50
2011.05.23 11:19:18.007,1.31917,1.31943,2.25,1.50
2011.05.23 11:19:18.338,1.31915,1.31943,1.50,3.00
2011.05.23 11:19:18.447,1.31915,1.31941,1.50,1.50
2011.05.23 11:19:18.997,1.31915,1.31941,1.50,1.50
2011.05.23 11:19:20.750,1.31915,1.31941,1.50,1.09
2011.05.23 11:19:20.971,1.31915,1.3194,2.25,1.50
2011.05.23 11:19:21.526,1.31915,1.31938,1.50,1.50
2011.05.23 11:19:21.747,1.31911,1.31937,3.00,1.09
2011.05.23 11:19:21.858,1.31911,1.31935,1.50,1.43
2011.05.23 11:19:22.407,1.31911,1.31934,1.50,1.50
2011.05.23 11:19:22.848,1.31907,1.31934,1.50,3.68
2011.05.23 11:19:23.068,1.31908,1.31934,1.50,2.25
2011.05.23 11:19:23.802,1.3191,1.31939,1.50,1.50
2011.05.23 11:19:23.917,1.3191,1.31939,1.50,1.50
2011.05.23 11:19:24.029,1.3191,1.31939,1.50,1.50
2011.05.23 11:19:24.578,1.31908,1.31936,2.59,1.50
2011.05.23 11:19:24.907,1.31908,1.31936,2.59,1.50
2011.05.23 11:19:25.566,1.31909,1.31936,1.50,1.50
2011.05.23 11:19:26.786,1.31909,1.31936,1.50,1.50
2011.05.23 11:19:27.668,1.3191,1.31936,1.50,1.50
2011.05.23 11:19:27.888,1.31911,1.31939,2.93,1.50
2011.05.23 11:19:29.097,1.3191,1.31939,2.25,1.50
2011.05.23 11:19:29.648,1.3191,1.31938,2.25,1.50
2011.05.23 11:19:32.388,1.3191,1.31937,1.50,1.50
2011.05.23 11:19:32.717,1.31912,1.3194,1.13,1.50
2011.05.23 11:19:32.828,1.31913,1.31942,1.50,1.84
2011.05.23 11:19:34.070,1.31913,1.31942,1.50,1.84
2011.05.23 11:19:34.297,1.31913,1.31942,1.50,1.09
2011.05.23 11:19:34.848,1.31913,1.31942,1.50,1.09
2011.05.23 11:19:35.386,1.31912,1.31942,1.88,1.09
2011.05.23 11:19:37.667,1.31914,1.31942,1.50,1.09
2011.05.23 11:19:38.943,1.3191,1.31942,2.25,2.22
2011.05.23 11:19:39.279,1.31907,1.3193,2.25,1.09
2011.05.23 11:19:39.497,1.31897,1.3193,3.00,1.09
2011.05.23 11:19:39.607,1.31897,1.31929,2.25,1.50
2011.05.23 11:19:39.938,1.31897,1.31927,1.50,1.03
2011.05.23 11:19:40.818,1.31897,1.31926,1.50,1.78
2011.05.23 11:19:41.258,1.31897,1.31926,3.00,2.53
2011.05.23 11:19:41.808,1.31903,1.31928,1.50,1.03
2011.05.23 11:19:42.357,1.31903,1.31929,1.50,1.03
2011.05.23 11:19:43.567,1.319,1.31931,1.09,1.03
2011.05.23 11:19:44.008,1.31906,1.31933,2.25,2.25
2011.05.23 11:19:44.338,1.3191,1.31937,1.84,2.18
2011.05.23 11:19:44.557,1.3191,1.31938,1.09,3.68
2011.05.23 11:19:44.997,1.31911,1.31938,1.09,4.43
2011.05.23 11:19:45.327,1.31911,1.31938,1.09,4.43
2011.05.23 11:19:45.898,1.31911,1.31938,1.09,4.43
2011.05.23 11:19:47.057,1.31911,1.31935,1.09,1.43
2011.05.23 11:19:47.498,1.31911,1.31935,1.09,3.21
2011.05.23 11:19:48.057,1.31911,1.31935,1.09,2.46
2011.05.23 11:19:48.956,1.31911,1.31935,1.09,1.03
2011.05.23 11:19:50.457,1.31911,1.31936,1.09,2.53
2011.05.23 11:19:53.497,1.31911,1.31935,1.09,1.41
2011.05.23 11:19:54.234,1.31906,1.31935,3.00,2.91
2011.05.23 11:19:54.788,1.31906,1.31934,3.00,1.13
2011.05.23 11:19:55.007,1.31906,1.31933,2.25,1.41
2011.05.23 11:19:56.257,1.31906,1.31932,2.25,1.03
2011.05.23 11:19:56.699,1.31906,1.31934,3.00,1.78
2011.05.23 11:19:56.807,1.3191,1.31934,1.50,1.03
2011.05.23 11:19:57.137,1.3191,1.31931,1.50,2.18
2011.05.23 11:19:57.357,1.31907,1.31935,1.50,2.46
2011.05.23 11:19:58.020,1.31908,1.31935,1.50,2.18
2011.05.23 11:19:58.127,1.31908,1.31938,1.50,1.50
2011.05.23 11:19:59.050,1.31908,1.31939,2.18,1.03
2011.05.23 11:19:59.171,1.31911,1.31939,1.50,1.03
2011.05.23 11:19:59.293,1.31914,1.31942,2.18,1.88
2011.05.23 11:19:59.410,1.31914,1.31943,2.52,1.03
2011.05.23 11:19:59.531,1.31914,1.31943,2.52,1.03
2011.05.23 11:20:00.089,1.31919,1.31944,1.50,1.03
2011.05.23 11:20:00.527,1.31919,1.31944,1.50,1.03
2011.05.23 11:20:00.749,1.31919,1.31946,1.50,1.03
2011.05.23 11:20:01.300,1.3192,1.31948,1.09,1.03
2011.05.23 11:20:01.520,1.3192,1.31948,1.09,2.46
2011.05.23 11:20:02.051,1.31919,1.31948,3.00,2.46
2011.05.23 11:20:02.279,1.31921,1.31948,1.50,2.46
2011.05.23 11:20:02.938,1.31922,1.31951,1.50,2.12
2011.05.23 11:20:03.157,1.31918,1.31949,1.50,1.50
2011.05.23 11:20:03.707,1.31917,1.31945,4.50,2.18
2011.05.23 11:20:04.257,1.31917,1.31945,4.50,2.18
2011.05.23 11:20:04.807,1.31917,1.31945,3.00,2.18
2011.05.23 11:20:05.576,1.31917,1.31945,2.25,2.18
2011.05.23 11:20:06.188,1.31917,1.31945,2.25,2.18
2011.05.23 11:20:10.496,1.31917,1.31945,2.25,2.93
2011.05.23 11:20:10.937,1.31917,1.31942,2.25,1.50
2011.05.23 11:20:11.049,1.31914,1.31942,1.50,1.84
2011.05.23 11:20:11.597,1.31913,1.3194,2.25,1.43
2011.05.23 11:20:11.707,1.31913,1.31942,2.25,2.12
2011.05.23 11:20:12.589,1.31913,1.31942,2.25,1.03
2011.05.23 11:20:12.816,1.31913,1.31942,2.25,1.03
2011.05.23 11:20:12.929,1.31912,1.31942,2.52,1.03
2011.05.23 11:20:13.259,1.31916,1.31942,2.25,1.03
2011.05.23 11:20:14.327,1.31916,1.31942,2.25,1.03
2011.05.23 11:20:14.768,1.31916,1.31942,2.25,1.03
2011.05.23 11:20:17.038,1.31916,1.31941,2.25,1.50
2011.05.23 11:20:17.367,1.31913,1.31941,1.50,2.93
2011.05.23 11:20:17.587,1.31913,1.31941,1.50,2.93
2011.05.23 11:20:17.807,1.31913,1.31941,1.50,1.43
2011.05.23 11:20:18.246,1.31913,1.31942,1.50,1.03
2011.05.23 11:20:19.707,1.31913,1.31942,1.50,1.03
2011.05.23 11:20:19.824,1.31912,1.31939,3.27,1.03
2011.05.23 11:20:19.941,1.31912,1.31939,2.93,1.41
2011.05.23 11:20:20.498,1.31912,1.31938,2.18,1.03
2011.05.23 11:20:22.479,1.31912,1.31938,2.18,1.37
2011.05.23 11:20:23.137,1.31907,1.31938,3.75,1.37
2011.05.23 11:20:23.948,1.3191,1.31939,2.25,1.37
2011.05.23 11:20:24.638,1.3191,1.31938,1.50,1.37
2011.05.23 11:20:25.956,1.31908,1.31938,1.50,2.12
2011.05.23 11:20:28.197,1.31909,1.31941,1.50,2.12
2011.05.23 11:20:30.639,1.31912,1.31942,2.25,2.59
2011.05.23 11:20:31.130,1.31913,1.31943,1.09,3.28
2011.05.23 11:20:31.255,1.31916,1.31947,2.25,1.37
2011.05.23 11:20:31.478,1.31918,1.31948,1.50,1.37
2011.05.23 11:20:32.029,1.31927,1.31954,2.25,2.12
2011.05.23 11:20:32.579,1.31925,1.31953,1.50,1.37
2011.05.23 11:20:32.689,1.31923,1.31954,1.50,4.37
2011.05.23 11:20:33.236,1.31926,1.31954,1.50,1.84
2011.05.23 11:20:34.449,1.31927,1.31954,2.25,1.84
2011.05.23 11:20:34.779,1.31929,1.31961,1.50,1.74
2011.05.23 11:20:35.001,1.31935,1.31962,1.50,3.92
2011.05.23 11:20:35.338,1.31935,1.3196,1.50,1.78
2011.05.23 11:20:35.899,1.31935,1.31959,1.50,1.03
2011.05.23 11:20:36.016,1.31927,1.31959,2.25,2.91
2011.05.23 11:20:36.129,1.31927,1.31957,2.25,1.03
