2013.02.06 06:00:00.211,1.46702,1.46726,2.14,1.73
2013.02.06 06:00:00.632,1.46702,1.4672,1.95,2.48
2013.02.06 06:00:01.215,1.46697,1.46716,1.50,2.40
2013.02.06 06:00:01.298,1.46702,1.46713,1.20,1.05
2013.02.06 06:00:02.491,1.46696,1.46714,1.50,1.27
2013.02.06 06:00:02.793,1.4669,1.46714,1.58,1.27
2013.02.06 06:00:03.709,1.46694,1.46716,1.58,2.42
2013.02.06 06:00:04.145,1.46696,1.46716,1.50,2.10
2013.02.06 06:00:04.275,1.46695,1.46716,1.50,1.21
2013.02.06 06:00:04.406,1.46696,1.46717,1.58,1.61
2013.02.06 06:00:04.475,1.46696,1.46717,1.58,1.38
2013.02.06 06:00:05.023,1.46696,1.46719,1.50,1.73
2013.02.06 06:00:05.143,1.46701,1.46724,1.50,2.48
2013.02.06 06:00:05.332,1.46703,1.46724,1.20,1.73
2013.02.06 06:00:05.452,1.46706,1.46724,1.20,1.73
2013.02.06 06:00:05.572,1.46707,1.46727,1.50,1.35
2013.02.06 06:00:05.751,1.4671,1.46729,1.50,1.73
2013.02.06 06:00:06.103,1.4671,1.46732,2.25,2.10
2013.02.06 06:00:06.771,1.46712,1.46733,1.50,1.35
2013.02.06 06:00:22.293,1.46712,1.46733,1.50,3.06
2013.02.06 06:00:22.351,1.46711,1.46731,1.50,1.26
2013.02.06 06:00:23.045,1.4671,1.46732,1.50,1.35
2013.02.06 06:00:24.522,1.4671,1.46732,1.50,2.01
2013.02.06 06:00:24.823,1.4671,1.46733,1.50,2.48
2013.02.06 06:00:25.991,1.46713,1.46734,1.50,1.73
2013.02.06 06:00:26.173,1.46714,1.46734,1.50,1.73
2013.02.06 06:00:26.244,1.46716,1.46734,1.50,1.73
2013.02.06 06:00:26.611,1.46716,1.4674,2.25,2.76
2013.02.06 06:00:26.852,1.46716,1.46739,2.25,1.11
2013.02.06 06:00:28.043,1.46719,1.4674,3.00,1.35
2013.02.06 06:00:28.171,1.46719,1.46744,3.23,1.73
2013.02.06 06:00:28.232,1.46726,1.46744,1.50,1.73
2013.02.06 06:00:28.533,1.46727,1.4675,1.50,1.05
2013.02.06 06:00:28.892,1.46736,1.46753,2.25,1.43
2013.02.06 06:00:29.251,1.46737,1.46757,1.50,1.80
2013.02.06 06:00:29.374,1.46737,1.46757,1.50,3.30
2013.02.06 06:00:29.515,1.46737,1.46755,1.50,1.63
2013.02.06 06:00:29.822,1.46736,1.46754,1.50,1.41
2013.02.06 06:00:29.883,1.46736,1.46754,2.25,1.41
2013.02.06 06:00:30.063,1.46735,1.46757,1.50,2.18
2013.02.06 06:00:30.134,1.46739,1.46757,1.50,2.09
2013.02.06 06:00:30.263,1.46739,1.46757,1.50,1.73
2013.02.06 06:00:30.453,1.46741,1.46758,1.50,2.48
2013.02.06 06:00:30.802,1.46741,1.46758,2.25,1.73
2013.02.06 06:00:31.041,1.46741,1.46762,2.25,1.80
2013.02.06 06:00:31.163,1.46742,1.46763,1.50,2.18
2013.02.06 06:00:31.412,1.46742,1.46768,2.25,1.73
2013.02.06 06:00:31.472,1.46748,1.46769,1.50,2.18
2013.02.06 06:00:31.531,1.46745,1.46769,2.25,2.55
2013.02.06 06:00:31.651,1.46748,1.46769,1.50,1.73
2013.02.06 06:00:31.952,1.46748,1.4677,2.25,1.56
2013.02.06 06:00:34.136,1.4675,1.46768,1.50,1.73
2013.02.06 06:00:34.263,1.46746,1.46768,1.50,2.93
2013.02.06 06:00:34.527,1.46743,1.46766,2.25,1.43
2013.02.06 06:00:34.652,1.4674,1.46764,1.50,1.43
2013.02.06 06:00:34.713,1.4674,1.46763,1.50,1.11
2013.02.06 06:00:35.073,1.46746,1.46764,1.73,1.50
2013.02.06 06:00:35.132,1.46752,1.4677,2.48,2.25
2013.02.06 06:00:35.372,1.46762,1.46783,1.50,3.60
2013.02.06 06:00:35.552,1.46758,1.46783,2.25,2.93
2013.02.06 06:00:36.042,1.46758,1.46782,1.50,2.31
2013.02.06 06:00:37.821,1.46761,1.46782,2.25,1.56
2013.02.06 06:00:41.161,1.46762,1.46782,1.50,1.56
2013.02.06 06:00:42.911,1.46761,1.46782,1.50,1.56
2013.02.06 06:00:43.091,1.46761,1.46784,1.50,1.73
2013.02.06 06:00:43.591,1.46755,1.46778,2.48,1.35
2013.02.06 06:00:43.937,1.46755,1.46777,1.50,1.43
2013.02.06 06:00:44.495,1.46752,1.46774,4.13,1.73
2013.02.06 06:00:49.751,1.46753,1.46774,1.13,1.27
2013.02.06 06:00:53.742,1.46751,1.46774,1.50,1.50
2013.02.06 06:00:54.051,1.46751,1.46774,1.50,1.29
2013.02.06 06:00:54.181,1.4675,1.46775,2.25,1.29
2013.02.06 06:00:55.993,1.46748,1.46774,1.58,1.29
2013.02.06 06:00:59.124,1.46748,1.46769,1.50,1.73
2013.02.06 06:00:59.193,1.46747,1.46766,1.50,1.73
2013.02.06 06:00:59.328,1.46745,1.46762,2.25,1.17
2013.02.06 06:00:59.391,1.46741,1.46764,1.50,2.85
2013.02.06 06:00:59.455,1.46741,1.46764,1.80,2.85
2013.02.06 06:00:59.585,1.46744,1.46764,1.80,1.73
2013.02.06 06:01:00.156,1.46744,1.46764,1.50,1.73
2013.02.06 06:01:00.692,1.46742,1.46764,2.18,1.73
2013.02.06 06:01:02.132,1.46743,1.46768,1.20,1.73
2013.02.06 06:01:02.702,1.46746,1.46768,1.58,1.73
2013.02.06 06:01:02.762,1.46749,1.46773,1.58,2.84
2013.02.06 06:01:03.002,1.46752,1.46777,2.55,2.10
2013.02.06 06:01:03.062,1.46754,1.46777,1.50,1.73
2013.02.06 06:01:03.822,1.46756,1.46781,1.13,1.73
2013.02.06 06:01:04.263,1.46757,1.46781,1.13,1.73
2013.02.06 06:01:04.772,1.46758,1.46781,1.20,1.73
2013.02.06 06:01:05.392,1.46763,1.46784,2.25,1.73
2013.02.06 06:01:05.512,1.46763,1.46784,1.13,1.73
2013.02.06 06:01:05.813,1.46762,1.46784,1.73,1.73
2013.02.06 06:01:06.171,1.46764,1.46784,1.28,1.73
2013.02.06 06:01:06.291,1.46762,1.46784,1.50,1.73
2013.02.06 06:01:06.691,1.46763,1.46784,1.80,1.73
2013.02.06 06:01:07.051,1.46762,1.46784,1.50,1.73
2013.02.06 06:01:07.353,1.46759,1.46777,1.50,2.48
2013.02.06 06:01:07.661,1.46755,1.46778,1.13,2.79
2013.02.06 06:01:07.903,1.46755,1.4678,1.80,3.68
2013.02.06 06:01:08.153,1.46761,1.4678,1.73,1.73
2013.02.06 06:01:08.767,1.46761,1.46785,1.50,1.73
2013.02.06 06:01:10.651,1.46761,1.46782,1.50,1.20
2013.02.06 06:01:11.162,1.4676,1.46782,1.58,1.20
2013.02.06 06:01:11.873,1.4676,1.46785,1.58,1.73
2013.02.06 06:01:12.002,1.46762,1.46785,1.50,1.73
2013.02.06 06:01:12.332,1.46762,1.46785,2.25,1.73
2013.02.06 06:01:15.752,1.46762,1.46781,1.50,1.73
2013.02.06 06:01:15.812,1.46756,1.46776,1.73,1.20
2013.02.06 06:01:16.113,1.46748,1.46767,1.50,1.13
2013.02.06 06:01:16.472,1.46741,1.46763,1.50,1.88
2013.02.06 06:01:16.832,1.46735,1.46756,1.88,2.27
2013.02.06 06:01:16.953,1.4673,1.4675,1.50,1.43
2013.02.06 06:01:17.194,1.46727,1.46751,2.25,2.27
2013.02.06 06:01:18.151,1.46726,1.46751,1.20,2.64
2013.02.06 06:01:18.392,1.46722,1.46744,1.50,2.48
2013.02.06 06:01:18.531,1.4672,1.46742,1.50,1.73
2013.02.06 06:01:18.600,1.46719,1.4674,1.13,1.25
2013.02.06 06:01:18.732,1.46718,1.46738,1.50,3.23
2013.02.06 06:01:18.857,1.46718,1.46735,1.50,1.41
2013.02.06 06:01:18.982,1.46711,1.46735,1.50,1.41
2013.02.06 06:01:19.171,1.46708,1.4673,2.33,1.73
2013.02.06 06:01:19.923,1.46709,1.46733,1.20,1.73
2013.02.06 06:01:20.232,1.46704,1.46724,1.58,1.43
2013.02.06 06:01:20.592,1.467,1.46723,1.20,1.92
2013.02.06 06:01:20.712,1.46704,1.46725,2.18,1.35
2013.02.06 06:01:21.252,1.46707,1.46729,2.25,1.73
2013.02.06 06:01:21.492,1.46709,1.46729,1.50,1.73
2013.02.06 06:01:23.262,1.46709,1.46733,2.25,1.73
2013.02.06 06:01:24.144,1.46709,1.46734,2.25,1.73
2013.02.06 06:01:24.700,1.46709,1.46734,1.50,1.73
2013.02.06 06:01:28.557,1.46712,1.46735,3.00,1.56
2013.02.06 06:01:32.241,1.46713,1.46737,3.00,1.56
2013.02.06 06:01:32.601,1.46718,1.46738,2.25,1.56
2013.02.06 06:01:33.942,1.46724,1.46741,1.50,1.56
2013.02.06 06:01:34.682,1.46725,1.46741,1.50,1.56
2013.02.06 06:01:35.222,1.46726,1.46743,1.50,1.56
2013.02.06 06:01:35.522,1.46724,1.46743,2.25,1.56
2013.02.06 06:01:36.905,1.46718,1.46735,1.13,1.56
2013.02.06 06:01:37.253,1.46713,1.46735,1.50,1.56
2013.02.06 06:01:44.511,1.46714,1.46735,1.50,2.31
2013.02.06 06:01:45.962,1.46712,1.46734,2.25,1.43
2013.02.06 06:01:47.862,1.46715,1.46735,3.45,1.34
2013.02.06 06:01:48.824,1.46722,1.46744,1.50,1.56
2013.02.06 06:01:49.491,1.46723,1.46749,1.50,1.50
2013.02.06 06:01:51.051,1.46722,1.46743,1.50,1.20
2013.02.06 06:01:51.171,1.46721,1.46743,1.88,1.20
2013.02.06 06:01:51.351,1.46721,1.46743,1.50,1.95
2013.02.06 06:01:51.926,1.46721,1.46744,1.50,1.88
2013.02.06 06:01:55.172,1.46721,1.46743,3.00,1.50
2013.02.06 06:01:56.071,1.4672,1.46743,4.13,1.50
2013.02.06 06:01:59.612,1.4672,1.46745,1.88,1.50
2013.02.06 06:02:01.575,1.46719,1.46745,2.25,1.50
2013.02.06 06:02:02.133,1.46721,1.46743,1.50,1.50
2013.02.06 06:02:02.442,1.46715,1.4674,1.50,1.20
2013.02.06 06:02:02.561,1.46715,1.46739,1.50,1.58
2013.02.06 06:02:02.861,1.46711,1.46736,1.50,1.88
2013.02.06 06:02:03.232,1.46714,1.46739,2.25,2.70
2013.02.06 06:02:03.352,1.46716,1.46739,1.20,1.50
2013.02.06 06:02:03.471,1.46718,1.46739,1.20,1.50
2013.02.06 06:02:03.830,1.46722,1.4674,2.25,1.50
2013.02.06 06:02:03.891,1.46722,1.46748,3.00,1.50
2013.02.06 06:02:04.252,1.46726,1.46748,1.50,1.50
2013.02.06 06:02:04.563,1.46731,1.46753,2.25,1.50
2013.02.06 06:02:04.711,1.46731,1.46755,3.75,1.50
2013.02.06 06:02:04.771,1.46734,1.46755,1.50,1.50
2013.02.06 06:02:05.349,1.46736,1.46755,1.50,1.50
2013.02.06 06:02:05.672,1.46736,1.46758,2.25,1.50
2013.02.06 06:02:06.612,1.46738,1.46758,1.50,1.50
2013.02.06 06:02:06.932,1.4674,1.46758,1.50,1.50
2013.02.06 06:02:07.292,1.46741,1.46758,2.25,1.50
2013.02.06 06:02:08.271,1.46742,1.46762,1.50,1.50
2013.02.06 06:02:08.332,1.46746,1.46766,1.50,1.50
2013.02.06 06:02:08.751,1.46746,1.4677,3.00,1.13
2013.02.06 06:02:09.001,1.46751,1.46774,1.50,1.50
2013.02.06 06:02:09.181,1.46756,1.46778,1.50,1.95
2013.02.06 06:02:09.431,1.46756,1.46782,2.25,1.50
2013.02.06 06:02:09.691,1.46756,1.46782,3.00,1.50
2013.02.06 06:02:10.051,1.46762,1.46782,1.50,1.50
2013.02.06 06:02:10.172,1.46764,1.46788,1.50,3.83
2013.02.06 06:02:10.712,1.46768,1.46791,2.25,1.50
2013.02.06 06:02:10.812,1.46768,1.4679,3.00,1.50
2013.02.06 06:02:12.653,1.46772,1.4679,1.50,1.50
2013.02.06 06:02:13.291,1.46772,1.46795,2.25,2.33
2013.02.06 06:02:13.598,1.46772,1.46796,3.00,1.58
2013.02.06 06:02:13.732,1.46777,1.46798,1.50,3.00
2013.02.06 06:02:14.032,1.46777,1.46798,3.00,2.25
2013.02.06 06:02:15.442,1.46777,1.46798,3.00,1.50
2013.02.06 06:02:16.351,1.46777,1.46798,3.00,1.50
2013.02.06 06:02:16.903,1.46779,1.46798,1.50,1.50
2013.02.06 06:02:18.393,1.46779,1.46802,2.25,1.50
2013.02.06 06:02:23.491,1.46777,1.46798,1.50,1.50
2013.02.06 06:02:24.042,1.46777,1.46798,1.50,1.50
2013.02.06 06:02:26.971,1.46777,1.46798,1.50,1.50
2013.02.06 06:02:27.032,1.46777,1.46798,2.40,1.50
2013.02.06 06:02:27.352,1.4678,1.46798,2.25,1.50
2013.02.06 06:02:28.952,1.46781,1.46807,1.50,3.00
2013.02.06 06:02:29.731,1.46782,1.46806,1.95,2.25
2013.02.06 06:02:32.622,1.46781,1.46807,1.50,3.45
2013.02.06 06:02:41.272,1.46784,1.46807,1.95,1.50
2013.02.06 06:02:41.812,1.46784,1.46809,1.20,1.20
2013.02.06 06:02:42.670,1.46786,1.46809,1.50,1.20
2013.02.06 06:02:43.181,1.46786,1.46809,1.95,1.20
2013.02.06 06:02:43.481,1.46787,1.4681,1.95,1.50
2013.02.06 06:02:43.721,1.4679,1.46814,1.50,1.50
2013.02.06 06:02:45.082,1.46789,1.46813,1.13,2.25
2013.02.06 06:02:45.439,1.4679,1.46811,1.50,2.25
2013.02.06 06:02:45.962,1.46786,1.46811,1.20,2.25
2013.02.06 06:02:46.323,1.46786,1.46806,1.50,1.65
2013.02.06 06:02:46.520,1.46783,1.46806,1.20,1.20
2013.02.06 06:02:46.821,1.46783,1.46806,1.20,1.20
2013.02.06 06:02:48.231,1.46786,1.46806,1.50,1.20
2013.02.06 06:02:48.824,1.46783,1.46807,1.20,1.20
2013.02.06 06:02:49.017,1.46784,1.46809,2.25,1.50
2013.02.06 06:02:50.530,1.46784,1.46807,2.25,1.13
2013.02.06 06:02:50.651,1.46784,1.46809,2.25,1.50
2013.02.06 06:02:52.271,1.46784,1.46807,1.50,1.50
2013.02.06 06:02:52.572,1.46787,1.46807,1.50,1.50
2013.02.06 06:02:52.932,1.46787,1.4681,2.40,1.50
2013.02.06 06:02:53.162,1.46787,1.4681,2.40,1.50
2013.02.06 06:02:55.982,1.4679,1.46816,2.25,2.44
2013.02.06 06:02:56.281,1.4679,1.46811,1.50,1.50
2013.02.06 06:02:56.401,1.46792,1.46811,1.50,1.50
2013.02.06 06:02:56.731,1.46792,1.46814,2.25,1.50
2013.02.06 06:02:58.121,1.46792,1.46814,3.38,1.50
2013.02.06 06:02:58.481,1.46794,1.46814,1.13,1.50
2013.02.06 06:02:59.871,1.46796,1.46819,1.13,1.50
2013.02.06 06:03:00.431,1.46792,1.46819,2.63,1.50
2013.02.06 06:03:09.373,1.46793,1.46816,1.13,1.20
2013.02.06 06:03:09.443,1.46791,1.46816,1.88,1.20
2013.02.06 06:03:09.741,1.46791,1.46815,1.58,1.50
2013.02.06 06:03:09.861,1.46791,1.46815,1.65,1.50
2013.02.06 06:03:10.402,1.46793,1.46815,1.13,1.50
2013.02.06 06:03:11.208,1.46792,1.46815,1.20,1.50
2013.02.06 06:03:14.351,1.46793,1.46815,2.63,1.50
2013.02.06 06:03:14.471,1.46795,1.46818,1.58,1.95
2013.02.06 06:03:15.750,1.46797,1.46818,1.20,1.50
2013.02.06 06:03:21.052,1.46796,1.46818,2.25,1.50
2013.02.06 06:03:24.211,1.46792,1.46817,1.50,1.13
2013.02.06 06:03:30.813,1.46797,1.46819,1.50,3.15
2013.02.06 06:03:30.932,1.46798,1.46822,1.20,1.50
2013.02.06 06:03:31.371,1.46801,1.46824,1.65,1.69
2013.02.06 06:03:31.731,1.46802,1.46827,2.25,1.88
2013.02.06 06:03:31.791,1.46804,1.46827,1.50,1.13
2013.02.06 06:03:32.151,1.46807,1.46827,1.50,1.88
2013.02.06 06:03:32.841,1.46807,1.46827,1.50,3.53
2013.02.06 06:03:33.021,1.46802,1.46824,1.50,2.25
2013.02.06 06:03:34.561,1.46801,1.46823,1.50,1.13
2013.02.06 06:03:34.741,1.468,1.46823,1.50,2.25
2013.02.06 06:03:35.101,1.46795,1.46816,1.20,1.50
2013.02.06 06:03:35.461,1.46792,1.46816,2.03,1.50
2013.02.06 06:03:35.521,1.46792,1.46816,2.10,1.50
2013.02.06 06:03:35.661,1.46795,1.46818,1.20,1.13
2013.02.06 06:03:35.782,1.46798,1.4682,1.13,1.13
2013.02.06 06:03:35.842,1.46798,1.4682,2.03,1.13
2013.02.06 06:03:35.902,1.468,1.46822,1.20,1.50
2013.02.06 06:03:35.961,1.46805,1.46822,1.50,1.50
2013.02.06 06:03:36.141,1.46806,1.46828,1.95,2.63
2013.02.06 06:03:36.204,1.46808,1.46828,1.50,2.63
2013.02.06 06:03:36.450,1.46805,1.46828,1.50,1.13
2013.02.06 06:03:39.191,1.46805,1.46828,2.25,1.88
2013.02.06 06:03:39.721,1.46805,1.46828,2.25,2.63
2013.02.06 06:03:39.921,1.4681,1.46828,1.50,2.63
2013.02.06 06:03:40.461,1.46811,1.46834,1.50,1.20
2013.02.06 06:03:40.521,1.46811,1.46834,1.50,1.20
2013.02.06 06:03:40.911,1.46807,1.46833,2.25,1.20
2013.02.06 06:03:41.384,1.46811,1.46834,1.50,1.95
2013.02.06 06:03:41.741,1.46811,1.46832,1.50,1.88
2013.02.06 06:03:43.261,1.46811,1.46828,1.50,1.13
2013.02.06 06:03:43.681,1.46806,1.46827,2.25,1.13
2013.02.06 06:03:44.261,1.46806,1.46827,2.25,1.13
2013.02.06 06:03:44.423,1.46806,1.46827,1.50,1.13
2013.02.06 06:03:45.681,1.46806,1.46829,1.50,1.50
2013.02.06 06:03:45.981,1.46806,1.46829,2.25,1.50
2013.02.06 06:03:47.601,1.46806,1.46832,2.25,1.50
2013.02.06 06:03:49.513,1.4681,1.46831,1.50,1.20
2013.02.06 06:03:49.942,1.46815,1.46831,1.50,1.20
2013.02.06 06:03:51.804,1.46819,1.46832,1.50,1.50
2013.02.06 06:03:51.873,1.46819,1.46836,1.50,1.20
2013.02.06 06:03:51.931,1.46822,1.46837,1.50,1.54
2013.02.06 06:03:52.172,1.46822,1.4684,1.50,1.13
2013.02.06 06:03:52.355,1.46825,1.46839,1.50,1.13
2013.02.06 06:03:52.881,1.46825,1.46843,1.50,1.50
2013.02.06 06:03:53.122,1.46825,1.46839,1.50,1.20
2013.02.06 06:03:53.244,1.46819,1.46835,2.25,1.58
2013.02.06 06:03:53.921,1.4682,1.46842,2.25,1.88
2013.02.06 06:03:54.341,1.4682,1.46839,2.25,1.95
2013.02.06 06:03:54.473,1.4682,1.46835,2.25,1.58
2013.02.06 06:03:54.721,1.46825,1.46839,1.50,1.20
2013.02.06 06:03:54.781,1.46825,1.46841,1.50,1.13
2013.02.06 06:03:54.842,1.4682,1.46841,2.25,1.13
2013.02.06 06:03:55.274,1.4682,1.46838,2.25,1.77
2013.02.06 06:03:55.583,1.46812,1.46831,2.25,1.20
2013.02.06 06:03:55.895,1.46812,1.46832,1.50,4.58
2013.02.06 06:03:56.021,1.46807,1.46831,1.13,2.25
2013.02.06 06:03:56.322,1.46804,1.46828,1.50,3.00
2013.02.06 06:03:57.682,1.46806,1.46829,1.50,1.95
2013.02.06 06:03:57.801,1.46807,1.46829,1.50,1.95
2013.02.06 06:03:57.981,1.46811,1.46828,1.50,1.20
2013.02.06 06:03:58.522,1.46811,1.46832,3.00,1.65
2013.02.06 06:03:58.881,1.46821,1.4684,1.50,1.50
2013.02.06 06:03:59.120,1.46821,1.46844,1.50,3.00
2013.02.06 06:03:59.301,1.46821,1.46844,1.50,2.70
2013.02.06 06:03:59.662,1.46819,1.46839,1.50,3.08
2013.02.06 06:03:59.782,1.46813,1.46839,1.13,3.08
2013.02.06 06:04:00.222,1.46813,1.46838,1.13,2.33
2013.02.06 06:04:00.601,1.4682,1.46838,1.50,1.50
2013.02.06 06:04:03.810,1.4682,1.46833,1.50,1.13
2013.02.06 06:04:03.941,1.46813,1.46838,1.50,1.58
2013.02.06 06:04:04.002,1.46811,1.46834,3.00,1.50
2013.02.06 06:04:04.062,1.46811,1.46834,3.00,1.50
2013.02.06 06:04:04.121,1.46811,1.46831,1.50,1.95
2013.02.06 06:04:04.242,1.46809,1.4683,1.50,2.40
2013.02.06 06:04:04.487,1.46808,1.4683,1.13,2.25
2013.02.06 06:04:04.612,1.46803,1.46829,2.25,1.50
2013.02.06 06:04:04.732,1.46806,1.4683,1.50,1.13
2013.02.06 06:04:05.151,1.46806,1.4683,2.25,1.13
2013.02.06 06:04:05.572,1.46804,1.4683,2.25,1.13
2013.02.06 06:04:07.148,1.46804,1.4683,2.25,1.13
2013.02.06 06:04:09.551,1.46806,1.4683,1.50,1.32
2013.02.06 06:04:10.181,1.46806,1.4683,3.00,1.13
2013.02.06 06:04:12.995,1.46806,1.46831,3.38,1.20
2013.02.06 06:04:13.443,1.46806,1.46831,3.75,1.20
2013.02.06 06:04:13.621,1.4681,1.46831,2.33,1.20
2013.02.06 06:04:13.741,1.46811,1.46835,2.70,1.50
2013.02.06 06:04:13.801,1.46811,1.46835,2.70,1.50
2013.02.06 06:04:13.981,1.46816,1.4684,1.95,1.88
2013.02.06 06:04:15.122,1.46817,1.4684,1.50,1.50
2013.02.06 06:04:33.550,1.46817,1.46843,2.07,1.20
2013.02.06 06:04:34.211,1.46817,1.46841,2.25,2.25
2013.02.06 06:04:34.631,1.46816,1.46838,1.50,3.00
2013.02.06 06:04:35.181,1.46812,1.46835,2.33,1.50
2013.02.06 06:04:35.421,1.46812,1.46834,1.95,2.25
2013.02.06 06:04:35.730,1.46809,1.46832,1.50,1.20
2013.02.06 06:04:36.314,1.46807,1.46829,1.50,1.13
2013.02.06 06:04:37.181,1.46807,1.46827,1.50,1.50
2013.02.06 06:04:41.581,1.46804,1.46827,1.50,2.25
2013.02.06 06:04:42.291,1.46804,1.46826,1.50,1.20
2013.02.06 06:04:42.532,1.46804,1.46826,1.50,1.65
2013.02.06 06:04:43.391,1.46804,1.46826,1.50,1.20
2013.02.06 06:04:43.970,1.46804,1.46826,1.50,1.20
2013.02.06 06:04:44.800,1.46804,1.46826,1.50,1.05
2013.02.06 06:04:45.771,1.46801,1.46826,1.50,1.50
2013.02.06 06:04:46.131,1.46804,1.46826,2.03,1.50
2013.02.06 06:04:46.255,1.46806,1.46829,1.20,1.50
2013.02.06 06:04:47.424,1.46806,1.46829,1.50,1.20
2013.02.06 06:04:48.112,1.46806,1.46829,1.50,1.65
2013.02.06 06:04:48.759,1.46806,1.4683,2.33,1.88
2013.02.06 06:04:50.252,1.46806,1.46829,1.20,1.50
2013.02.06 06:04:50.612,1.46799,1.46823,1.13,3.75
2013.02.06 06:04:50.851,1.46797,1.46822,3.00,1.95
2013.02.06 06:04:50.911,1.46797,1.46819,1.50,1.95
2013.02.06 06:04:50.971,1.46797,1.46819,1.50,2.33
2013.02.06 06:04:51.272,1.46791,1.46819,1.50,5.03
2013.02.06 06:04:51.512,1.46791,1.46816,1.50,1.20
2013.02.06 06:04:53.411,1.46792,1.46817,1.50,1.32
2013.02.06 06:04:58.188,1.46789,1.46816,1.13,2.25
2013.02.06 06:04:58.261,1.46789,1.46813,1.13,1.50
2013.02.06 06:04:58.473,1.46787,1.46811,2.25,1.13
2013.02.06 06:04:58.814,1.4678,1.46799,1.13,1.13
2013.02.06 06:04:58.876,1.46778,1.46799,1.13,1.88
2013.02.06 06:04:58.935,1.46778,1.46799,1.13,1.88
2013.02.06 06:04:59.545,1.46773,1.46797,1.13,2.25
2013.02.06 06:04:59.887,1.46769,1.46793,1.50,1.50
2013.02.06 06:04:59.955,1.46768,1.46791,3.45,1.50
2013.02.06 06:05:00.084,1.46764,1.46789,1.20,1.50
2013.02.06 06:05:00.444,1.46769,1.46785,1.50,1.50
2013.02.06 06:05:00.684,1.46762,1.46783,3.00,1.88
2013.02.06 06:05:00.743,1.46762,1.46783,2.25,2.25
2013.02.06 06:05:00.803,1.46762,1.46782,2.25,3.00
2013.02.06 06:05:01.103,1.46754,1.46774,1.50,1.13
2013.02.06 06:05:01.164,1.46754,1.46774,1.50,1.13
2013.02.06 06:05:01.343,1.46753,1.46774,2.63,1.13
2013.02.06 06:05:02.063,1.46753,1.46774,2.25,1.13
2013.02.06 06:05:02.555,1.46753,1.46774,2.25,1.13
2013.02.06 06:05:02.915,1.4675,1.46774,2.25,1.13
2013.02.06 06:05:02.974,1.4675,1.46774,2.25,1.50
2013.02.06 06:05:03.154,1.4675,1.46769,2.25,1.13
2013.02.06 06:05:03.274,1.4675,1.46769,1.50,1.13
2013.02.06 06:05:03.333,1.46748,1.46769,2.25,1.13
2013.02.06 06:05:03.693,1.46751,1.46772,1.35,1.50
2013.02.06 06:05:03.754,1.46751,1.46773,2.10,1.88
2013.02.06 06:05:03.830,1.46752,1.46775,1.50,1.50
2013.02.06 06:05:05.874,1.46753,1.46771,2.25,1.50
2013.02.06 06:05:07.783,1.46754,1.46775,2.25,1.50
2013.02.06 06:05:08.024,1.46757,1.46775,1.50,1.50
2013.02.06 06:05:08.323,1.46756,1.46778,2.25,1.50
2013.02.06 06:05:08.443,1.46759,1.46783,4.50,1.09
2013.02.06 06:05:08.563,1.46759,1.46784,3.00,1.50
2013.02.06 06:05:08.743,1.46768,1.46788,3.00,1.50
2013.02.06 06:05:08.804,1.46768,1.46789,3.45,1.13
2013.02.06 06:05:09.267,1.46772,1.46794,2.25,2.25
2013.02.06 06:05:09.341,1.46776,1.46801,2.25,1.84
2013.02.06 06:05:09.584,1.46776,1.46801,2.25,1.09
2013.02.06 06:05:10.383,1.46778,1.46801,1.50,1.09
2013.02.06 06:05:12.423,1.46777,1.46802,3.75,1.50
2013.02.06 06:05:12.542,1.46781,1.46803,1.50,1.50
2013.02.06 06:05:13.093,1.4678,1.46807,2.63,1.13
2013.02.06 06:05:13.213,1.46781,1.46807,2.85,1.13
2013.02.06 06:05:14.644,1.46782,1.46808,1.50,1.50
2013.02.06 06:05:14.823,1.46784,1.46809,2.63,1.50
2013.02.06 06:05:16.675,1.46784,1.46809,2.55,3.00
2013.02.06 06:05:19.123,1.46785,1.46809,2.55,1.50
2013.02.06 06:05:19.243,1.46786,1.46809,1.50,1.50
2013.02.06 06:05:20.213,1.46786,1.46809,2.25,1.50
2013.02.06 06:05:20.475,1.46787,1.46809,1.05,1.50
2013.02.06 06:05:20.834,1.46785,1.46809,2.25,1.50
2013.02.06 06:05:21.454,1.46782,1.46808,1.13,2.25
2013.02.06 06:05:23.994,1.46786,1.46809,1.50,1.50
2013.02.06 06:05:24.883,1.46785,1.46806,2.25,1.50
2013.02.06 06:05:24.943,1.46785,1.46801,2.25,1.50
2013.02.06 06:05:26.484,1.46783,1.46798,2.25,1.50
2013.02.06 06:05:26.773,1.46783,1.46801,2.25,1.50
2013.02.06 06:05:28.884,1.46783,1.46797,2.25,1.50
2013.02.06 06:05:28.944,1.46783,1.46797,1.50,1.50
2013.02.06 06:05:29.945,1.46784,1.46797,1.50,1.50
2013.02.06 06:05:30.123,1.46784,1.46803,1.50,1.50
2013.02.06 06:05:31.214,1.46784,1.46803,1.20,1.50
2013.02.06 06:05:31.453,1.46786,1.46807,1.50,1.50
2013.02.06 06:05:32.404,1.46786,1.46809,1.50,3.00
2013.02.06 06:05:33.853,1.46786,1.46807,1.88,1.50
2013.02.06 06:05:34.355,1.46786,1.46804,1.13,2.25
2013.02.06 06:05:35.173,1.46788,1.46804,1.50,2.25
2013.02.06 06:05:35.474,1.4679,1.46804,1.50,1.50
2013.02.06 06:05:35.774,1.46791,1.46808,1.50,2.25
2013.02.06 06:05:36.012,1.46793,1.46812,1.35,1.50
2013.02.06 06:05:41.213,1.4679,1.46812,2.63,1.50
2013.02.06 06:05:41.472,1.4679,1.46812,2.63,1.50
2013.02.06 06:05:43.863,1.46791,1.46812,1.50,1.50
2013.02.06 06:05:44.106,1.46786,1.46806,3.00,2.63
2013.02.06 06:05:44.293,1.46786,1.46806,3.00,2.25
2013.02.06 06:05:44.594,1.46777,1.46798,1.50,1.50
2013.02.06 06:05:44.714,1.46777,1.46798,1.50,1.88
2013.02.06 06:05:45.573,1.46772,1.46795,2.03,2.25
2013.02.06 06:05:45.634,1.46772,1.46795,1.13,3.00
2013.02.06 06:05:45.874,1.46772,1.46791,1.13,2.25
2013.02.06 06:05:46.053,1.46766,1.46787,1.20,2.25
2013.02.06 06:05:46.113,1.46762,1.46783,3.00,2.25
2013.02.06 06:05:46.804,1.46758,1.46776,1.50,2.25
2013.02.06 06:05:46.923,1.46754,1.46776,3.15,2.25
2013.02.06 06:05:50.245,1.46754,1.46778,1.20,2.25
2013.02.06 06:05:50.734,1.46754,1.46778,2.25,2.63
2013.02.06 06:05:55.925,1.46757,1.46777,1.50,1.50
2013.02.06 06:05:56.284,1.46759,1.46779,1.50,1.50
2013.02.06 06:05:56.403,1.46757,1.46779,1.50,2.25
2013.02.06 06:05:56.584,1.46759,1.46779,1.50,1.50
2013.02.06 06:05:57.004,1.46757,1.46779,1.50,2.25
2013.02.06 06:05:57.184,1.46759,1.4678,1.50,1.20
2013.02.06 06:05:57.423,1.46759,1.4678,1.50,1.95
2013.02.06 06:05:57.684,1.46759,1.46779,1.50,1.20
2013.02.06 06:05:57.805,1.46759,1.4678,1.50,1.50
2013.02.06 06:05:58.104,1.46759,1.4678,2.33,1.50
2013.02.06 06:05:58.343,1.46762,1.46784,1.20,1.50
2013.02.06 06:05:58.464,1.46761,1.46784,2.78,1.50
2013.02.06 06:05:59.281,1.4676,1.46783,1.13,1.50
2013.02.06 06:06:00.007,1.46758,1.46783,2.63,1.50
2013.02.06 06:06:00.623,1.46758,1.46781,2.63,1.50
2013.02.06 06:06:01.824,1.46758,1.46778,1.13,1.50
2013.02.06 06:06:01.895,1.46758,1.46778,2.03,1.50
2013.02.06 06:06:03.514,1.46758,1.46782,2.03,2.25
2013.02.06 06:06:04.423,1.46757,1.46782,1.13,2.25
2013.02.06 06:06:04.723,1.46757,1.46779,1.13,1.50
2013.02.06 06:06:05.335,1.46757,1.46778,1.13,1.50
2013.02.06 06:06:05.895,1.46757,1.46779,1.13,2.25
2013.02.06 06:06:06.434,1.46756,1.46776,1.50,1.50
2013.02.06 06:06:06.745,1.46751,1.46773,1.88,2.25
2013.02.06 06:06:06.805,1.46753,1.46773,1.50,2.25
2013.02.06 06:06:07.464,1.46753,1.46773,1.13,2.25
2013.02.06 06:06:07.894,1.4675,1.46773,1.50,2.25
2013.02.06 06:06:08.254,1.46747,1.46772,1.20,1.13
2013.02.06 06:06:08.375,1.46747,1.46772,1.20,1.13
2013.02.06 06:06:09.114,1.46748,1.46773,1.13,2.25
2013.02.06 06:06:09.426,1.46751,1.46776,1.50,2.63
2013.02.06 06:06:09.913,1.46751,1.46772,1.50,2.25
2013.02.06 06:06:11.103,1.4675,1.46772,1.20,2.25
2013.02.06 06:06:11.664,1.46748,1.46772,2.40,2.25
2013.02.06 06:06:11.933,1.46748,1.46772,2.40,2.25
2013.02.06 06:06:12.598,1.46748,1.46772,1.50,2.25
2013.02.06 06:06:21.964,1.4675,1.46774,1.50,1.50
2013.02.06 06:06:24.173,1.46747,1.46774,1.20,1.50
2013.02.06 06:06:24.584,1.46747,1.46774,1.20,1.50
2013.02.06 06:06:25.366,1.46748,1.46774,1.50,1.50
2013.02.06 06:06:25.793,1.46748,1.46771,1.50,1.50
2013.02.06 06:06:26.603,1.46747,1.46771,1.20,1.50
2013.02.06 06:06:26.964,1.46747,1.46769,1.20,1.50
2013.02.06 06:06:27.674,1.46747,1.46767,1.20,1.50
2013.02.06 06:06:27.794,1.46741,1.46765,1.13,3.00
2013.02.06 06:06:28.153,1.46741,1.46764,1.13,1.50
2013.02.06 06:06:28.394,1.46741,1.46763,1.13,1.50
2013.02.06 06:06:28.754,1.46745,1.46769,1.58,1.50
2013.02.06 06:06:28.813,1.46746,1.46769,2.25,1.50
2013.02.06 06:06:28.993,1.46747,1.46769,1.13,1.50
2013.02.06 06:06:31.745,1.46747,1.46773,2.63,1.50
2013.02.06 06:06:34.284,1.46747,1.46773,1.88,1.50
2013.02.06 06:06:36.927,1.46748,1.46773,1.50,1.50
2013.02.06 06:06:44.283,1.46748,1.46773,1.50,1.50
2013.02.06 06:06:47.312,1.46748,1.46773,2.63,1.50
2013.02.06 06:06:47.614,1.46751,1.46777,1.13,2.70
2013.02.06 06:06:47.975,1.46756,1.46778,1.13,1.20
2013.02.06 06:06:48.094,1.46756,1.46779,1.13,2.03
2013.02.06 06:06:48.335,1.46756,1.4678,1.13,1.95
2013.02.06 06:06:48.574,1.46756,1.4678,2.25,1.20
2013.02.06 06:06:55.550,1.46757,1.4678,2.25,1.50
2013.02.06 06:06:56.584,1.46759,1.4678,1.50,1.50
2013.02.06 06:06:56.854,1.46761,1.46784,1.58,1.50
2013.02.06 06:06:56.925,1.46765,1.46789,1.20,1.88
2013.02.06 06:06:57.165,1.46764,1.46787,2.25,2.25
2013.02.06 06:06:57.233,1.46763,1.46785,1.20,2.25
2013.02.06 06:06:57.735,1.46769,1.46784,1.20,1.13
2013.02.06 06:06:57.793,1.46769,1.46787,1.20,1.50
2013.02.06 06:06:57.973,1.46766,1.46789,3.45,1.50
2013.02.06 06:06:58.155,1.46766,1.46793,3.45,1.50
2013.02.06 06:06:58.214,1.46766,1.46793,3.45,1.50
2013.02.06 06:06:58.333,1.46766,1.46794,3.45,1.50
2013.02.06 06:06:58.573,1.46767,1.46794,1.50,1.50
2013.02.06 06:06:59.754,1.46769,1.46795,2.25,2.25
2013.02.06 06:07:00.383,1.46772,1.46797,1.50,2.33
2013.02.06 06:07:01.024,1.46773,1.46797,1.50,1.58
2013.02.06 06:07:02.795,1.46772,1.46797,2.25,1.95
2013.02.06 06:07:03.233,1.46773,1.46799,1.50,1.13
2013.02.06 06:07:03.474,1.46778,1.46801,1.50,1.13
2013.02.06 06:07:03.714,1.46778,1.46801,3.00,1.13
2013.02.06 06:07:03.835,1.46784,1.46801,1.13,1.13
2013.02.06 06:07:04.014,1.46787,1.46808,2.25,1.50
2013.02.06 06:07:04.074,1.46787,1.4681,2.25,1.50
2013.02.06 06:07:04.134,1.46791,1.4681,1.88,1.50
2013.02.06 06:07:04.254,1.46794,1.46816,1.50,1.50
2013.02.06 06:07:04.794,1.46793,1.46818,1.50,1.88
2013.02.06 06:07:04.913,1.46793,1.46818,1.50,1.88
2013.02.06 06:07:05.333,1.46793,1.46817,1.50,1.50
2013.02.06 06:07:07.223,1.46793,1.46818,1.50,1.88
2013.02.06 06:07:07.773,1.46798,1.46818,1.50,1.88
2013.02.06 06:07:09.154,1.46795,1.46818,2.25,1.88
2013.02.06 06:07:11.183,1.46793,1.46818,3.00,1.88
2013.02.06 06:07:12.764,1.46794,1.46818,1.13,1.50
2013.02.06 06:07:13.164,1.46797,1.46818,1.50,1.50
2013.02.06 06:07:13.523,1.46805,1.46829,3.38,1.50
2013.02.06 06:07:13.884,1.46807,1.46829,2.25,1.50
2013.02.06 06:07:14.244,1.468,1.46823,1.50,2.33
2013.02.06 06:07:14.304,1.468,1.46823,1.50,2.33
2013.02.06 06:07:14.793,1.46797,1.46821,2.25,1.50
2013.02.06 06:07:15.624,1.46798,1.46819,1.50,1.50
2013.02.06 06:07:15.745,1.46798,1.46818,1.50,1.50
2013.02.06 06:07:16.363,1.46798,1.46817,1.88,1.50
2013.02.06 06:07:16.664,1.468,1.46821,1.13,1.13
2013.02.06 06:07:16.846,1.46798,1.46822,3.08,1.50
2013.02.06 06:07:17.273,1.468,1.46821,1.13,1.50
2013.02.06 06:07:17.334,1.468,1.46821,1.20,1.50
2013.02.06 06:07:17.514,1.468,1.46822,1.95,1.50
2013.02.06 06:07:17.893,1.46802,1.46825,1.13,1.50
2013.02.06 06:07:18.674,1.46804,1.46827,1.13,1.50
2013.02.06 06:07:18.973,1.46804,1.46828,1.13,2.25
2013.02.06 06:07:19.533,1.46805,1.46829,1.50,1.95
2013.02.06 06:07:22.933,1.46805,1.46829,1.50,1.80
2013.02.06 06:07:23.476,1.46804,1.46829,1.13,1.95
2013.02.06 06:07:24.843,1.46806,1.46829,2.25,1.20
2013.02.06 06:07:25.451,1.46812,1.46833,1.88,1.50
2013.02.06 06:07:26.399,1.46812,1.46833,2.25,1.50
2013.02.06 06:07:26.924,1.46812,1.46833,2.63,1.50
2013.02.06 06:07:26.984,1.46816,1.46833,1.50,1.50
2013.02.06 06:07:27.223,1.46816,1.46837,1.50,1.13
2013.02.06 06:07:27.675,1.46816,1.46836,1.50,1.50
2013.02.06 06:07:28.855,1.46813,1.46839,1.88,1.13
2013.02.06 06:07:30.153,1.46813,1.46839,1.13,1.88
2013.02.06 06:07:36.364,1.46816,1.46836,3.00,1.50
2013.02.06 06:07:37.003,1.46816,1.46837,1.50,1.50
2013.02.06 06:07:43.850,1.46814,1.46837,1.88,1.50
2013.02.06 06:07:43.920,1.46812,1.46834,3.00,1.13
2013.02.06 06:07:44.167,1.46811,1.4683,2.25,1.13
2013.02.06 06:07:44.235,1.46807,1.46828,2.25,1.13
2013.02.06 06:07:44.423,1.46807,1.46829,3.00,1.50
2013.02.06 06:07:45.514,1.4681,1.46828,1.88,1.50
2013.02.06 06:07:45.754,1.46807,1.46829,1.50,1.50
2013.02.06 06:07:45.934,1.46804,1.46825,1.95,1.50
2013.02.06 06:07:46.175,1.46804,1.46827,1.58,1.13
2013.02.06 06:07:46.384,1.46803,1.46825,1.20,1.50
2013.02.06 06:07:46.744,1.468,1.46821,2.25,1.50
2013.02.06 06:07:47.104,1.46795,1.46814,1.20,1.50
2013.02.06 06:07:47.413,1.46792,1.46815,1.58,1.50
2013.02.06 06:07:47.534,1.46792,1.46814,1.58,1.50
2013.02.06 06:07:47.594,1.46792,1.46814,1.58,1.50
2013.02.06 06:07:48.014,1.46791,1.46814,1.13,1.50
2013.02.06 06:07:48.513,1.46791,1.46816,1.88,1.13
2013.02.06 06:07:48.694,1.46791,1.46813,1.50,1.50
2013.02.06 06:07:48.875,1.46789,1.46813,3.08,1.50
2013.02.06 06:08:02.824,1.46791,1.46809,2.25,1.13
2013.02.06 06:08:03.064,1.46787,1.46809,1.13,1.13
2013.02.06 06:08:08.343,1.46787,1.46809,2.25,1.88
2013.02.06 06:08:09.104,1.46784,1.46809,2.25,2.25
2013.02.06 06:08:09.224,1.46783,1.46809,1.58,5.25
2013.02.06 06:08:09.344,1.46781,1.46805,1.88,1.13
2013.02.06 06:08:09.404,1.46779,1.46802,1.50,1.50
2013.02.06 06:08:09.464,1.46777,1.46802,1.58,1.50
2013.02.06 06:08:09.585,1.46776,1.46802,2.70,1.50
2013.02.06 06:08:09.666,1.46776,1.46795,1.88,1.13
2013.02.06 06:08:09.916,1.46771,1.46794,1.20,1.13
2013.02.06 06:08:09.986,1.46772,1.46794,1.65,1.13
2013.02.06 06:08:10.114,1.46772,1.46794,1.88,1.13
2013.02.06 06:08:10.174,1.46772,1.46795,2.63,1.50
2013.02.06 06:08:10.668,1.46772,1.46798,3.38,1.50
2013.02.06 06:08:10.742,1.46784,1.46808,1.50,2.25
2013.02.06 06:08:10.994,1.46785,1.4681,2.63,1.88
2013.02.06 06:08:11.414,1.46786,1.46809,1.50,1.50
2013.02.06 06:08:12.024,1.4679,1.46814,1.13,3.00
2013.02.06 06:08:12.204,1.4679,1.46814,1.13,3.00
2013.02.06 06:08:12.763,1.46787,1.46811,1.13,1.88
2013.02.06 06:08:12.823,1.46787,1.46811,1.13,2.25
2013.02.06 06:08:12.884,1.46786,1.46809,1.88,1.13
2013.02.06 06:08:13.124,1.46782,1.46806,1.50,1.88
2013.02.06 06:08:13.303,1.46781,1.46806,2.25,1.88
2013.02.06 06:08:13.424,1.46781,1.46804,2.25,1.13
2013.02.06 06:08:15.603,1.46781,1.46802,1.50,3.00
2013.02.06 06:08:19.054,1.46781,1.46802,1.50,2.25
2013.02.06 06:08:20.064,1.46777,1.46802,1.13,2.63
2013.02.06 06:08:20.574,1.46777,1.46802,1.13,2.63
2013.02.06 06:08:22.724,1.46782,1.46804,1.50,1.50
2013.02.06 06:08:24.646,1.46782,1.46804,3.00,2.25
2013.02.06 06:08:25.423,1.46782,1.46807,2.25,1.20
2013.02.06 06:08:26.185,1.46787,1.46807,1.50,1.20
2013.02.06 06:08:26.364,1.46792,1.46813,1.13,3.00
2013.02.06 06:08:26.484,1.46793,1.46813,1.13,2.25
2013.02.06 06:08:27.677,1.46793,1.46813,1.13,2.25
2013.02.06 06:08:27.925,1.46789,1.4681,1.50,2.63
2013.02.06 06:08:28.105,1.46789,1.4681,1.13,2.63
2013.02.06 06:08:28.224,1.46789,1.46809,1.13,1.20
2013.02.06 06:08:30.363,1.46789,1.4681,1.88,2.40
2013.02.06 06:08:35.923,1.46789,1.4681,1.88,1.95
2013.02.06 06:08:36.404,1.46792,1.4681,1.13,1.50
2013.02.06 06:08:36.765,1.46794,1.46815,1.13,1.95
2013.02.06 06:08:36.884,1.46796,1.46816,1.13,1.13
2013.02.06 06:08:37.485,1.46797,1.46817,1.50,1.50
2013.02.06 06:08:37.644,1.46797,1.46815,1.50,1.50
2013.02.06 06:08:37.705,1.46797,1.46814,1.50,1.50
2013.02.06 06:08:37.944,1.46792,1.46814,1.88,2.63
2013.02.06 06:08:38.124,1.46792,1.46811,1.50,1.50
2013.02.06 06:08:42.154,1.46787,1.4681,1.88,1.20
2013.02.06 06:08:42.453,1.46787,1.46808,1.13,1.50
2013.02.06 06:08:44.344,1.46787,1.4681,1.13,1.05
2013.02.06 06:08:44.616,1.46786,1.46809,1.88,1.50
2013.02.06 06:08:46.783,1.46786,1.46806,1.13,1.50
2013.02.06 06:08:51.333,1.46787,1.46809,1.13,3.75
2013.02.06 06:08:52.814,1.46787,1.46806,1.13,1.50
2013.02.06 06:08:53.174,1.46786,1.46803,1.50,1.50
2013.02.06 06:08:53.474,1.46781,1.468,1.50,1.88
2013.02.06 06:08:53.594,1.46777,1.46796,1.13,1.50
2013.02.06 06:08:53.833,1.46777,1.46798,1.13,1.88
2013.02.06 06:08:53.894,1.46776,1.46796,1.50,1.13
2013.02.06 06:08:54.075,1.46768,1.46789,2.63,1.50
2013.02.06 06:08:54.134,1.46764,1.46781,1.50,1.50
2013.02.06 06:08:54.256,1.46759,1.46778,1.50,2.25
2013.02.06 06:08:54.325,1.46759,1.46777,1.50,1.50
2013.02.06 06:08:54.685,1.46757,1.4677,1.50,1.13
2013.02.06 06:08:54.817,1.46748,1.4677,1.50,1.13
2013.02.06 06:08:57.144,1.46748,1.46774,1.50,2.63
2013.02.06 06:08:57.324,1.46747,1.46774,1.50,1.50
2013.02.06 06:08:57.683,1.46749,1.46773,1.50,1.95
2013.02.06 06:08:58.514,1.46748,1.46773,1.50,1.20
2013.02.06 06:09:00.394,1.46751,1.46774,2.63,2.25
2013.02.06 06:09:00.754,1.46761,1.46783,1.50,1.50
2013.02.06 06:09:00.814,1.46761,1.46785,1.50,1.50
2013.02.06 06:09:00.874,1.4676,1.46788,2.07,3.00
2013.02.06 06:09:00.994,1.46764,1.46789,2.25,1.88
2013.02.06 06:09:01.248,1.46772,1.46794,1.13,1.50
2013.02.06 06:09:01.313,1.46776,1.46797,1.50,1.50
2013.02.06 06:09:01.493,1.46772,1.46797,1.88,1.95
2013.02.06 06:09:01.553,1.46772,1.46795,1.88,1.95
2013.02.06 06:09:01.854,1.46772,1.46793,1.50,1.20
2013.02.06 06:09:02.215,1.46767,1.46792,1.88,2.18
2013.02.06 06:09:02.513,1.46762,1.46789,2.25,1.43
2013.02.06 06:09:02.634,1.46762,1.46787,2.25,1.05
2013.02.06 06:09:03.172,1.46761,1.46787,1.50,1.80
2013.02.06 06:09:03.703,1.46761,1.46787,1.50,2.03
2013.02.06 06:09:06.624,1.46764,1.46787,1.13,2.25
2013.02.06 06:09:06.684,1.46764,1.46788,1.13,1.50
2013.02.06 06:09:06.924,1.46764,1.46789,1.13,2.70
2013.02.06 06:09:07.436,1.46767,1.46791,1.50,1.95
2013.02.06 06:09:09.574,1.46763,1.46789,2.25,1.58
2013.02.06 06:09:09.935,1.46771,1.46791,1.50,1.20
2013.02.06 06:09:10.424,1.46771,1.46792,3.19,1.88
2013.02.06 06:09:10.554,1.46766,1.46792,1.69,1.88
2013.02.06 06:09:10.974,1.46766,1.46789,1.69,1.88
2013.02.06 06:09:12.064,1.46762,1.46788,1.50,1.88
2013.02.06 06:09:12.365,1.46757,1.46784,2.10,3.15
2013.02.06 06:09:12.434,1.46756,1.46782,1.50,2.33
2013.02.06 06:09:12.764,1.46755,1.46779,1.13,1.13
2013.02.06 06:09:12.943,1.46755,1.46781,1.13,1.50
2013.02.06 06:09:13.483,1.46759,1.46784,3.00,1.50
2013.02.06 06:09:13.604,1.46762,1.46786,1.50,1.50
2013.02.06 06:09:13.665,1.46762,1.46789,2.44,1.20
2013.02.06 06:09:13.844,1.46766,1.46791,2.63,1.13
2013.02.06 06:09:13.904,1.46766,1.46792,3.38,2.25
2013.02.06 06:09:15.113,1.46766,1.46792,2.07,2.25
2013.02.06 06:09:19.354,1.46766,1.46791,1.69,1.50
2013.02.06 06:09:20.580,1.46765,1.46791,1.13,2.25
2013.02.06 06:09:21.485,1.46762,1.46788,2.25,1.50
2013.02.06 06:09:21.783,1.46758,1.46784,2.25,1.13
2013.02.06 06:09:22.944,1.46756,1.46784,1.50,3.08
2013.02.06 06:09:23.164,1.46756,1.46784,1.50,3.08
2013.02.06 06:09:23.704,1.46761,1.46785,2.25,1.13
2013.02.06 06:09:24.423,1.46762,1.46788,3.00,2.70
2013.02.06 06:09:28.043,1.46759,1.46786,2.25,2.25
2013.02.06 06:09:28.903,1.46762,1.46786,1.50,1.88
2013.02.06 06:09:29.973,1.46759,1.46784,2.44,1.13
2013.02.06 06:09:31.035,1.46761,1.46786,1.50,1.88
2013.02.06 06:09:31.983,1.46761,1.46783,1.50,1.13
2013.02.06 06:09:33.934,1.46761,1.46785,1.50,1.13
2013.02.06 06:09:36.523,1.46758,1.46783,1.50,1.58
2013.02.06 06:09:36.765,1.46756,1.46782,1.50,1.20
2013.02.06 06:09:37.003,1.46756,1.46779,1.50,1.50
2013.02.06 06:09:37.704,1.46753,1.46777,2.25,1.13
2013.02.06 06:09:37.944,1.46753,1.46777,2.25,1.58
2013.02.06 06:09:38.363,1.4675,1.46775,2.25,1.13
2013.02.06 06:09:38.874,1.46756,1.46779,1.50,1.88
2013.02.06 06:09:38.933,1.46756,1.46779,1.50,1.88
2013.02.06 06:09:39.193,1.46756,1.46779,2.25,1.13
2013.02.06 06:09:43.233,1.46756,1.46779,1.50,1.88
2013.02.06 06:09:44.154,1.46752,1.46776,2.18,1.50
2013.02.06 06:09:44.214,1.46751,1.46776,1.50,1.50
2013.02.06 06:09:45.183,1.46751,1.46776,1.50,2.25
2013.02.06 06:09:45.343,1.46751,1.46776,1.50,2.25
2013.02.06 06:09:45.863,1.46752,1.46779,2.25,1.50
2013.02.06 06:09:48.843,1.46755,1.46779,1.13,1.50
2013.02.06 06:09:48.904,1.46757,1.46781,1.13,2.63
2013.02.06 06:09:48.964,1.46758,1.46781,1.13,1.88
2013.02.06 06:09:49.539,1.46758,1.46782,1.13,1.13
2013.02.06 06:09:52.293,1.46758,1.46783,2.25,1.50
2013.02.06 06:09:52.954,1.46758,1.46783,1.50,2.25
2013.02.06 06:09:53.134,1.46756,1.46782,1.13,1.50
2013.02.06 06:09:53.194,1.46756,1.46783,1.88,2.25
2013.02.06 06:09:53.796,1.46761,1.46787,1.50,3.08
2013.02.06 06:09:55.983,1.46763,1.46789,2.25,1.88
2013.02.06 06:09:56.105,1.46767,1.46794,1.50,3.00
2013.02.06 06:09:56.164,1.46771,1.46794,1.13,3.75
2013.02.06 06:09:56.524,1.46772,1.46797,2.63,1.50
2013.02.06 06:09:56.884,1.46772,1.46799,2.63,1.50
2013.02.06 06:09:57.114,1.46772,1.46801,2.63,1.13
2013.02.06 06:09:58.674,1.46771,1.46798,1.50,2.25
2013.02.06 06:09:58.794,1.46771,1.46797,1.50,1.88
2013.02.06 06:09:58.974,1.4677,1.46796,1.50,1.13
2013.02.06 06:09:59.514,1.4677,1.46794,1.50,1.20
2013.02.06 06:10:00.194,1.46769,1.46794,2.25,1.20
2013.02.06 06:10:02.273,1.46769,1.46794,2.25,3.83
2013.02.06 06:10:05.923,1.46766,1.46793,1.50,1.13
2013.02.06 06:10:08.374,1.46765,1.46789,2.25,1.50
2013.02.06 06:10:08.914,1.46763,1.46786,1.50,4.13
2013.02.06 06:10:09.470,1.46762,1.46786,2.25,2.63
2013.02.06 06:10:10.035,1.46758,1.46783,2.25,3.08
2013.02.06 06:10:10.394,1.46758,1.46781,1.50,1.50
2013.02.06 06:10:14.643,1.46758,1.46784,2.25,1.50
2013.02.06 06:10:17.174,1.46761,1.46786,1.50,3.00
2013.02.06 06:10:17.355,1.46762,1.46786,1.50,2.25
2013.02.06 06:10:17.593,1.46763,1.46789,1.13,1.50
2013.02.06 06:10:17.834,1.46766,1.46793,3.00,1.13
2013.02.06 06:10:18.134,1.46769,1.46794,1.13,1.50
2013.02.06 06:10:18.313,1.46772,1.46798,1.50,2.63
2013.02.06 06:10:18.673,1.46772,1.46797,1.50,1.13
2013.02.06 06:10:20.083,1.46778,1.46797,1.50,1.13
2013.02.06 06:10:20.264,1.46781,1.46802,1.50,1.13
2013.02.06 06:10:20.694,1.46786,1.46809,1.50,1.88
2013.02.06 06:10:21.254,1.46786,1.46808,1.50,1.13
2013.02.06 06:10:21.681,1.46786,1.46808,1.50,1.13
2013.02.06 06:10:22.224,1.46786,1.46805,1.50,1.50
2013.02.06 06:10:22.284,1.46782,1.46805,1.50,2.25
2013.02.06 06:10:22.405,1.46776,1.468,2.07,2.25
2013.02.06 06:10:22.824,1.46776,1.46797,1.50,1.50
2013.02.06 06:10:22.884,1.46776,1.46797,1.50,1.88
2013.02.06 06:10:22.944,1.46774,1.46796,1.13,1.13
2013.02.06 06:10:23.198,1.46769,1.46794,1.13,1.50
2013.02.06 06:10:23.752,1.46769,1.46794,2.25,3.38
2013.02.06 06:10:24.834,1.46769,1.46794,2.25,2.25
2013.02.06 06:10:24.897,1.46779,1.46794,1.50,1.13
2013.02.06 06:10:25.204,1.46781,1.46799,1.50,1.50
2013.02.06 06:10:25.743,1.46781,1.46803,1.13,1.50
2013.02.06 06:10:26.013,1.46781,1.46803,1.13,1.50
2013.02.06 06:10:28.383,1.46783,1.46803,2.25,1.13
2013.02.06 06:10:28.684,1.46778,1.468,3.75,1.50
2013.02.06 06:10:28.924,1.46778,1.46799,2.25,2.63
2013.02.06 06:10:30.084,1.46777,1.46797,2.25,2.63
2013.02.06 06:10:30.564,1.46777,1.46794,1.50,1.13
2013.02.06 06:10:32.245,1.46777,1.46796,1.50,1.13
2013.02.06 06:10:32.365,1.46777,1.46798,2.25,1.20
2013.02.06 06:10:32.426,1.4678,1.468,2.63,2.40
2013.02.06 06:10:32.494,1.46784,1.46801,1.50,1.13
2013.02.06 06:10:32.674,1.46787,1.46809,1.50,1.58
2013.02.06 06:10:32.733,1.46787,1.46809,1.50,1.13
2013.02.06 06:10:32.794,1.46788,1.46809,2.25,1.13
2013.02.06 06:10:32.855,1.46788,1.46809,1.50,1.13
2013.02.06 06:10:33.682,1.46787,1.4681,1.50,1.13
2013.02.06 06:10:33.757,1.46787,1.4681,1.50,1.13
2013.02.06 06:10:35.174,1.46789,1.4681,1.50,1.13
2013.02.06 06:10:38.334,1.46787,1.46808,2.25,1.95
2013.02.06 06:10:38.514,1.46785,1.46809,1.13,1.88
2013.02.06 06:10:38.574,1.46785,1.46808,1.13,1.20
2013.02.06 06:10:38.635,1.46785,1.46809,1.13,1.88
2013.02.06 06:10:38.694,1.46786,1.4681,1.50,1.20
2013.02.06 06:10:47.064,1.46788,1.46812,1.50,2.25
2013.02.06 06:10:48.064,1.46788,1.46812,2.25,1.50
2013.02.06 06:10:48.305,1.46792,1.46813,1.13,1.50
2013.02.06 06:10:48.484,1.46792,1.46816,2.63,1.13
2013.02.06 06:10:48.544,1.46792,1.46818,2.63,1.50
2013.02.06 06:10:49.394,1.46797,1.46817,1.13,1.50
2013.02.06 06:10:50.304,1.46796,1.46819,1.13,1.50
2013.02.06 06:10:50.664,1.46796,1.46819,1.50,1.50
2013.02.06 06:10:51.189,1.46797,1.46819,1.13,1.13
2013.02.06 06:10:52.006,1.46796,1.46818,1.88,1.13
2013.02.06 06:10:52.078,1.46796,1.46818,1.13,1.13
2013.02.06 06:10:52.206,1.46796,1.46817,1.13,1.13
2013.02.06 06:10:53.263,1.46793,1.46817,1.13,1.50
2013.02.06 06:10:56.975,1.46793,1.46814,1.13,1.50
2013.02.06 06:10:57.214,1.46789,1.46814,1.13,2.63
2013.02.06 06:11:04.224,1.46791,1.46814,2.25,1.50
2013.02.06 06:11:06.423,1.46787,1.46814,2.25,1.88
2013.02.06 06:11:06.664,1.46784,1.46809,2.25,1.50
2013.02.06 06:11:07.745,1.46787,1.46813,1.50,3.53
2013.02.06 06:11:07.804,1.46789,1.46813,1.50,2.70
2013.02.06 06:11:08.344,1.46791,1.46813,1.50,1.50
2013.02.06 06:11:08.704,1.46792,1.46816,2.25,1.13
2013.02.06 06:11:09.049,1.46792,1.46816,2.25,1.13
2013.02.06 06:11:10.344,1.46792,1.46816,2.25,1.50
2013.02.06 06:11:10.909,1.46792,1.46819,2.25,1.50
2013.02.06 06:11:17.364,1.46796,1.46819,1.13,1.50
2013.02.06 06:11:17.424,1.46796,1.46819,2.25,1.50
2013.02.06 06:11:17.485,1.46798,1.46819,1.50,1.50
2013.02.06 06:11:17.605,1.468,1.46819,1.13,1.50
2013.02.06 06:11:18.245,1.46798,1.46819,2.25,1.13
2013.02.06 06:11:20.166,1.46798,1.46819,2.25,1.13
2013.02.06 06:11:20.284,1.46802,1.46824,2.25,1.13
2013.02.06 06:11:20.344,1.46802,1.46824,2.44,1.13
2013.02.06 06:11:20.714,1.46803,1.46824,2.18,1.13
2013.02.06 06:11:22.074,1.46806,1.46829,2.25,1.13
2013.02.06 06:11:22.255,1.46811,1.46834,1.50,1.20
2013.02.06 06:11:22.375,1.46811,1.46834,1.50,1.20
2013.02.06 06:11:22.903,1.46811,1.46835,1.50,1.95
2013.02.06 06:11:23.184,1.4681,1.46834,2.70,1.50
2013.02.06 06:11:23.367,1.46809,1.46834,2.25,1.50
2013.02.06 06:11:23.494,1.46812,1.46837,1.69,2.33
2013.02.06 06:11:23.556,1.46812,1.46837,1.69,1.50
2013.02.06 06:11:23.676,1.46819,1.4684,1.13,1.20
2013.02.06 06:11:23.795,1.46821,1.46842,1.32,2.70
2013.02.06 06:11:23.855,1.46823,1.46842,1.50,1.20
2013.02.06 06:11:24.157,1.46828,1.46844,1.50,1.50
2013.02.06 06:11:24.225,1.46828,1.46847,1.50,1.13
2013.02.06 06:11:24.345,1.46826,1.46849,1.50,2.25
2013.02.06 06:11:25.126,1.46827,1.46853,1.50,1.50
2013.02.06 06:11:25.374,1.46827,1.46854,1.88,1.88
2013.02.06 06:11:25.855,1.46827,1.46854,1.13,4.43
2013.02.06 06:11:26.396,1.46827,1.46851,2.63,1.50
2013.02.06 06:11:26.526,1.46828,1.46851,1.50,1.50
2013.02.06 06:11:26.654,1.46827,1.46851,3.38,1.50
2013.02.06 06:11:26.894,1.46828,1.46854,1.50,1.13
2013.02.06 06:11:27.195,1.46831,1.46855,3.00,1.13
2013.02.06 06:11:27.495,1.46832,1.46855,2.25,1.13
2013.02.06 06:11:28.274,1.46832,1.46856,3.00,1.50
2013.02.06 06:11:28.594,1.46832,1.46855,1.50,1.50
2013.02.06 06:11:28.836,1.46832,1.46856,1.50,1.50
2013.02.06 06:11:28.905,1.46833,1.46857,1.50,1.50
2013.02.06 06:11:29.206,1.46846,1.46868,2.25,1.50
2013.02.06 06:11:29.338,1.46847,1.46869,2.25,1.13
2013.02.06 06:11:29.884,1.46848,1.46871,1.13,1.50
2013.02.06 06:11:30.205,1.46849,1.46873,1.50,2.25
2013.02.06 06:11:30.566,1.46856,1.46881,1.50,1.13
2013.02.06 06:11:30.760,1.46858,1.46884,1.50,1.50
2013.02.06 06:11:30.893,1.46858,1.46881,1.50,1.50
2013.02.06 06:11:31.014,1.46856,1.46881,1.88,1.50
2013.02.06 06:11:31.135,1.46856,1.46879,1.88,1.13
2013.02.06 06:11:31.494,1.46851,1.46876,1.50,1.50
2013.02.06 06:11:31.674,1.46851,1.46874,1.50,1.88
2013.02.06 06:11:32.038,1.46849,1.46869,1.50,1.50
2013.02.06 06:11:33.633,1.46849,1.46869,1.50,1.50
2013.02.06 06:11:34.085,1.46847,1.46869,2.25,1.50
2013.02.06 06:11:34.645,1.46847,1.46869,1.50,1.50
2013.02.06 06:11:37.303,1.46848,1.46869,1.50,1.50
2013.02.06 06:11:37.805,1.46848,1.46869,2.25,1.50
2013.02.06 06:11:39.465,1.46851,1.46869,1.50,1.50
2013.02.06 06:11:40.974,1.4685,1.46869,1.50,1.50
2013.02.06 06:11:41.884,1.46847,1.46869,2.70,1.50
2013.02.06 06:11:42.698,1.46848,1.46869,1.50,1.50
2013.02.06 06:11:43.864,1.46849,1.46869,1.50,1.50
2013.02.06 06:11:45.078,1.46847,1.46869,1.95,1.50
2013.02.06 06:11:45.618,1.46847,1.46869,1.50,1.50
2013.02.06 06:11:46.864,1.46847,1.46869,1.73,1.50
2013.02.06 06:11:47.395,1.46847,1.46869,1.50,1.50
2013.02.06 06:11:52.075,1.46847,1.46871,1.50,1.20
2013.02.06 06:11:52.420,1.46846,1.46869,2.25,1.50
2013.02.06 06:11:53.785,1.46848,1.46869,1.50,1.50
2013.02.06 06:11:54.084,1.46848,1.46869,1.50,1.50
2013.02.06 06:11:54.614,1.46847,1.46869,1.50,1.50
2013.02.06 06:11:55.194,1.46846,1.46869,1.50,1.50
2013.02.06 06:11:56.053,1.46846,1.46869,3.75,1.50
2013.02.06 06:11:56.113,1.46849,1.46869,1.50,1.50
2013.02.06 06:11:56.766,1.46849,1.46869,2.25,1.50
2013.02.06 06:11:57.074,1.46853,1.46873,1.13,1.50
2013.02.06 06:11:57.434,1.46858,1.46881,1.88,1.13
2013.02.06 06:11:58.077,1.46862,1.46886,1.50,2.44
2013.02.06 06:11:58.505,1.46866,1.46887,1.50,1.20
2013.02.06 06:11:58.685,1.46861,1.46882,1.50,1.13
2013.02.06 06:11:58.744,1.46861,1.46881,1.50,1.50
2013.02.06 06:11:59.285,1.46857,1.46878,1.50,1.13
2013.02.06 06:11:59.344,1.46854,1.46877,1.50,1.50
2013.02.06 06:11:59.405,1.46853,1.46874,1.88,1.58
2013.02.06 06:11:59.465,1.46853,1.46873,1.88,1.58
2013.02.06 06:11:59.645,1.46853,1.46874,1.13,1.13
2013.02.06 06:11:59.943,1.46851,1.46873,1.50,1.13
2013.02.06 06:12:00.064,1.46847,1.46873,1.13,1.13
2013.02.06 06:12:00.605,1.46847,1.46871,1.13,3.00
2013.02.06 06:12:01.164,1.46844,1.46869,2.25,1.88
2013.02.06 06:12:01.224,1.46848,1.46869,1.50,1.88
2013.02.06 06:12:01.475,1.46849,1.46873,2.63,1.13
2013.02.06 06:12:01.715,1.46849,1.46873,3.38,2.25
2013.02.06 06:12:02.224,1.46849,1.46871,1.88,1.13
2013.02.06 06:12:02.584,1.46846,1.46869,3.00,1.13
2013.02.06 06:12:03.206,1.46846,1.46868,3.00,1.50
2013.02.06 06:12:07.654,1.46846,1.46869,3.00,1.13
2013.02.06 06:12:08.194,1.46846,1.46869,2.25,1.13
2013.02.06 06:12:08.813,1.46846,1.46869,3.00,1.13
2013.02.06 06:12:09.175,1.4685,1.46872,1.50,1.50
2013.02.06 06:12:09.785,1.4685,1.46871,2.25,1.13
2013.02.06 06:12:10.654,1.4685,1.46873,2.25,1.50
2013.02.06 06:12:11.705,1.4685,1.46871,2.25,1.50
2013.02.06 06:12:15.464,1.46851,1.46873,1.50,1.50
2013.02.06 06:12:17.134,1.4685,1.46871,2.25,1.50
2013.02.06 06:12:18.103,1.46851,1.46873,1.50,1.50
2013.02.06 06:12:21.584,1.46852,1.46873,3.00,1.50
2013.02.06 06:12:21.945,1.46854,1.46878,1.88,1.50
2013.02.06 06:12:22.244,1.46854,1.46879,2.63,1.50
2013.02.06 06:12:23.603,1.46855,1.4688,1.13,1.50
2013.02.06 06:12:25.365,1.46859,1.4688,1.50,1.50
2013.02.06 06:12:25.665,1.4686,1.46883,2.25,1.95
2013.02.06 06:12:25.724,1.4686,1.46883,1.50,1.20
2013.02.06 06:12:25.906,1.46862,1.46886,1.13,1.13
2013.02.06 06:12:26.217,1.46863,1.46888,1.13,3.00
2013.02.06 06:12:27.225,1.46863,1.46891,1.13,1.95
2013.02.06 06:12:32.364,1.46866,1.46892,1.50,2.63
2013.02.06 06:12:32.799,1.46867,1.46891,1.95,1.50
2013.02.06 06:12:35.094,1.46868,1.46892,1.50,1.13
2013.02.06 06:12:35.453,1.46868,1.46892,1.50,1.13
2013.02.06 06:12:37.563,1.46872,1.46893,1.50,1.13
2013.02.06 06:12:37.995,1.46873,1.46895,1.88,1.50
2013.02.06 06:12:38.114,1.46877,1.46899,1.13,1.13
2013.02.06 06:12:38.176,1.46878,1.46903,1.28,4.88
2013.02.06 06:12:38.425,1.46879,1.46904,1.47,2.25
2013.02.06 06:12:38.485,1.46886,1.46904,1.13,1.50
2013.02.06 06:12:38.604,1.46886,1.46908,1.13,1.88
2013.02.06 06:12:39.165,1.46885,1.46907,1.50,1.50
2013.02.06 06:12:39.524,1.46886,1.46907,1.50,1.50
2013.02.06 06:12:40.035,1.46886,1.46909,1.50,1.88
2013.02.06 06:12:42.466,1.46887,1.46909,2.25,1.13
2013.02.06 06:12:49.894,1.46886,1.46909,1.50,1.88
2013.02.06 06:12:50.315,1.46886,1.46908,1.50,2.63
2013.02.06 06:12:51.953,1.46884,1.46908,1.50,3.38
2013.02.06 06:12:52.693,1.46884,1.46908,1.50,3.00
2013.02.06 06:12:53.008,1.46884,1.46908,1.50,3.38
2013.02.06 06:12:53.313,1.46883,1.46905,1.13,1.13
2013.02.06 06:12:57.934,1.46883,1.46905,1.13,1.43
2013.02.06 06:12:59.664,1.4688,1.46901,1.13,1.50
2013.02.06 06:13:00.240,1.4688,1.46901,1.13,1.50
2013.02.06 06:13:03.570,1.46877,1.469,1.13,1.50
2013.02.06 06:13:03.883,1.46876,1.469,1.13,1.50
2013.02.06 06:13:05.454,1.46877,1.469,1.13,1.50
2013.02.06 06:13:07.035,1.46876,1.46898,1.65,1.20
2013.02.06 06:13:07.154,1.46876,1.46898,1.65,2.25
2013.02.06 06:13:07.214,1.46874,1.46898,2.80,3.00
2013.02.06 06:13:07.334,1.46874,1.46898,1.50,3.00
2013.02.06 06:13:10.116,1.46872,1.46896,1.50,1.50
2013.02.06 06:13:11.382,1.4687,1.46896,1.58,1.50
2013.02.06 06:13:11.646,1.46869,1.46893,1.13,3.45
2013.02.06 06:13:11.764,1.46869,1.46893,1.50,2.25
2013.02.06 06:13:12.304,1.46869,1.46893,1.50,2.25
2013.02.06 06:13:13.204,1.4687,1.46893,1.13,1.50
2013.02.06 06:13:13.564,1.46872,1.46893,1.58,1.50
2013.02.06 06:13:14.185,1.46875,1.46899,1.20,3.00
2013.02.06 06:13:22.165,1.46871,1.46895,1.50,2.25
2013.02.06 06:13:22.714,1.4687,1.46893,1.13,1.13
2013.02.06 06:13:25.484,1.46872,1.46894,1.50,1.58
2013.02.06 06:13:25.844,1.4687,1.46893,1.13,1.20
2013.02.06 06:13:25.964,1.4687,1.46893,1.13,1.20
2013.02.06 06:13:26.474,1.46869,1.46893,1.13,1.95
2013.02.06 06:13:28.773,1.46869,1.46891,1.13,3.38
2013.02.06 06:13:29.095,1.46858,1.46879,1.20,2.25
2013.02.06 06:13:29.345,1.46857,1.46879,1.50,2.25
2013.02.06 06:13:29.814,1.46853,1.46878,1.58,1.50
2013.02.06 06:13:31.384,1.46854,1.46879,1.88,2.25
2013.02.06 06:13:32.104,1.46857,1.46879,1.13,2.25
2013.02.06 06:13:32.344,1.46858,1.46881,1.58,1.13
2013.02.06 06:13:32.644,1.46858,1.46881,1.58,1.13
2013.02.06 06:13:32.824,1.46862,1.46886,1.13,2.25
2013.02.06 06:13:33.004,1.46862,1.46886,1.88,1.50
2013.02.06 06:13:34.333,1.46862,1.46883,1.50,1.50
2013.02.06 06:13:36.824,1.46862,1.4688,1.50,1.50
2013.02.06 06:13:37.186,1.46856,1.46876,1.50,1.50
2013.02.06 06:13:37.254,1.46856,1.46874,1.50,1.50
2013.02.06 06:13:37.554,1.46856,1.46878,1.50,1.88
2013.02.06 06:13:39.186,1.46856,1.46878,1.50,1.50
2013.02.06 06:13:39.735,1.46856,1.46879,1.50,1.50
2013.02.06 06:13:44.594,1.46856,1.46883,1.50,3.00
2013.02.06 06:13:48.205,1.46856,1.46883,1.50,3.00
2013.02.06 06:13:48.954,1.46857,1.46881,1.50,1.13
2013.02.06 06:13:49.694,1.46857,1.46878,1.50,1.50
2013.02.06 06:14:00.044,1.46858,1.46879,1.20,1.13
2013.02.06 06:14:00.358,1.46858,1.46882,1.20,1.50
2013.02.06 06:14:00.922,1.46874,1.46889,1.20,3.38
2013.02.06 06:14:00.992,1.46876,1.46894,2.25,1.50
2013.02.06 06:14:01.079,1.46876,1.469,2.25,1.88
2013.02.06 06:14:01.383,1.46877,1.469,1.50,1.13
2013.02.06 06:14:02.975,1.4688,1.46902,1.50,1.20
2013.02.06 06:14:03.545,1.4688,1.46903,1.50,1.13
2013.02.06 06:14:14.125,1.46883,1.46904,1.50,1.50
2013.02.06 06:14:14.184,1.46884,1.46906,2.25,1.13
2013.02.06 06:14:14.244,1.46884,1.46909,3.00,2.25
2013.02.06 06:14:14.424,1.46886,1.46912,1.20,1.50
2013.02.06 06:14:14.784,1.46886,1.46912,1.95,1.50
2013.02.06 06:14:16.868,1.46889,1.46904,1.20,1.50
2013.02.06 06:14:16.994,1.46886,1.46904,1.50,1.50
2013.02.06 06:14:17.175,1.46882,1.46904,1.20,2.25
2013.02.06 06:14:17.655,1.46878,1.46904,2.63,1.95
2013.02.06 06:14:17.894,1.46878,1.46903,2.63,2.25
2013.02.06 06:14:18.435,1.46878,1.46903,1.50,1.13
2013.02.06 06:14:20.944,1.4688,1.46903,1.50,1.13
2013.02.06 06:14:21.245,1.46884,1.46903,1.50,1.50
2013.02.06 06:14:23.414,1.46884,1.46903,1.50,1.50
2013.02.06 06:14:23.894,1.46881,1.46903,1.50,1.50
2013.02.06 06:14:24.814,1.46882,1.46903,1.50,1.50
2013.02.06 06:14:25.734,1.46886,1.46903,1.50,1.50
2013.02.06 06:14:28.875,1.46886,1.46904,1.50,1.50
2013.02.06 06:14:29.965,1.46889,1.46907,1.50,1.88
2013.02.06 06:14:30.325,1.46894,1.46911,1.50,1.50
2013.02.06 06:14:30.385,1.4689,1.46911,1.88,1.50
2013.02.06 06:14:30.625,1.46893,1.46912,1.50,1.50
2013.02.06 06:14:31.343,1.46892,1.46915,2.25,1.88
2013.02.06 06:14:32.103,1.46892,1.46915,3.00,1.50
2013.02.06 06:14:35.063,1.46892,1.46915,2.25,1.50
2013.02.06 06:14:35.384,1.46883,1.46906,1.50,1.13
2013.02.06 06:14:35.504,1.46883,1.46906,1.50,1.13
2013.02.06 06:14:35.863,1.46882,1.46906,2.25,1.88
2013.02.06 06:14:36.495,1.46882,1.46906,2.25,2.63
2013.02.06 06:14:37.503,1.46882,1.46906,3.00,1.88
2013.02.06 06:14:37.924,1.46884,1.46909,2.25,1.50
2013.02.06 06:14:37.984,1.46884,1.46909,3.00,1.50
2013.02.06 06:14:38.343,1.46889,1.46909,1.50,1.50
2013.02.06 06:14:38.583,1.46889,1.46914,1.95,1.50
2013.02.06 06:14:38.704,1.46889,1.46914,2.70,1.50
2013.02.06 06:14:39.899,1.46891,1.46913,1.50,1.50
2013.02.06 06:14:40.444,1.46889,1.46914,2.70,1.50
2013.02.06 06:14:40.983,1.46891,1.46913,1.50,1.50
2013.02.06 06:14:46.695,1.46892,1.46915,2.25,1.13
2013.02.06 06:14:46.996,1.46896,1.46917,2.63,1.50
2013.02.06 06:14:47.293,1.46898,1.46921,1.95,1.13
2013.02.06 06:14:47.474,1.46898,1.46921,2.70,1.13
2013.02.06 06:14:49.285,1.46902,1.46922,2.25,1.50
2013.02.06 06:14:49.345,1.46902,1.46922,3.19,1.50
2013.02.06 06:14:49.404,1.46903,1.46924,2.25,1.50
2013.02.06 06:14:49.464,1.46905,1.46928,1.13,2.25
2013.02.06 06:14:51.064,1.46905,1.46929,1.88,1.88
2013.02.06 06:14:52.534,1.46905,1.46928,1.50,1.13
2013.02.06 06:14:52.894,1.46906,1.46929,1.20,1.13
2013.02.06 06:14:53.254,1.4691,1.46929,1.50,1.50
2013.02.06 06:14:53.991,1.4691,1.46934,1.88,1.88
2013.02.06 06:14:54.058,1.46911,1.46934,1.50,1.13
2013.02.06 06:14:54.613,1.46913,1.46937,1.13,3.00
2013.02.06 06:14:54.673,1.46914,1.46937,1.13,2.25
2013.02.06 06:14:54.916,1.4692,1.46937,1.13,2.25
2013.02.06 06:14:55.215,1.4692,1.4694,1.13,2.25
2013.02.06 06:14:55.396,1.46918,1.4694,2.63,2.25
2013.02.06 06:14:55.925,1.4692,1.4694,1.13,2.25
2013.02.06 06:14:56.104,1.46918,1.4694,1.50,3.38
2013.02.06 06:14:56.178,1.46918,1.46934,1.50,1.50
2013.02.06 06:14:56.674,1.46916,1.46937,1.88,3.00
2013.02.06 06:14:58.024,1.46913,1.46937,1.50,2.25
2013.02.06 06:14:58.533,1.46916,1.46937,1.13,2.25
2013.02.06 06:14:59.044,1.46913,1.46937,1.50,2.25
2013.02.06 06:14:59.575,1.46911,1.46937,3.45,2.63
2013.02.06 06:14:59.814,1.46913,1.46937,2.03,2.25
2013.02.06 06:15:01.159,1.46915,1.4694,1.20,1.88
2013.02.06 06:15:01.464,1.46913,1.46937,1.88,2.63
2013.02.06 06:15:01.704,1.46912,1.46937,1.20,2.63
2013.02.06 06:15:03.688,1.46913,1.46936,1.50,1.88
2013.02.06 06:15:04.074,1.46911,1.46937,1.88,2.63
2013.02.06 06:15:04.454,1.46913,1.46937,1.50,1.13
2013.02.06 06:15:04.886,1.46911,1.46937,1.88,1.13
2013.02.06 06:15:07.855,1.46908,1.46933,3.83,1.13
2013.02.06 06:15:08.534,1.46908,1.46932,1.58,1.88
2013.02.06 06:15:12.424,1.46909,1.46933,1.50,1.13
2013.02.06 06:15:13.014,1.46908,1.46933,1.58,1.88
2013.02.06 06:15:15.574,1.4691,1.46932,1.50,1.50
2013.02.06 06:15:16.074,1.4691,1.46932,1.50,2.25
2013.02.06 06:15:16.197,1.4691,1.46932,1.50,2.25
2013.02.06 06:15:16.325,1.4691,1.46932,1.50,1.50
2013.02.06 06:15:16.385,1.4691,1.46932,1.50,2.25
2013.02.06 06:15:16.505,1.46906,1.46928,1.50,1.50
2013.02.06 06:15:16.566,1.4691,1.46928,1.50,1.50
2013.02.06 06:15:16.687,1.46905,1.46925,1.88,2.25
2013.02.06 06:15:17.393,1.46902,1.46926,2.25,1.13
2013.02.06 06:15:20.885,1.46909,1.46928,1.50,1.88
2013.02.06 06:15:21.005,1.46909,1.46933,1.50,2.25
2013.02.06 06:15:21.244,1.46909,1.46933,1.50,1.50
2013.02.06 06:15:21.814,1.46912,1.46932,1.13,2.25
2013.02.06 06:15:22.635,1.46918,1.46931,1.50,1.50
2013.02.06 06:15:22.696,1.46914,1.46931,1.13,1.50
2013.02.06 06:15:22.756,1.46914,1.46933,1.13,1.50
2013.02.06 06:15:22.826,1.46914,1.46934,1.13,1.50
2013.02.06 06:15:22.885,1.46911,1.46934,1.88,1.50
2013.02.06 06:15:23.424,1.4691,1.46933,1.13,1.50
2013.02.06 06:15:23.664,1.4691,1.46933,2.25,1.50
2013.02.06 06:15:25.071,1.4691,1.46933,1.50,1.50
2013.02.06 06:15:25.530,1.4691,1.46929,1.50,1.50
2013.02.06 06:15:25.596,1.46907,1.46929,2.25,1.50
2013.02.06 06:15:25.776,1.46907,1.46923,1.50,1.50
2013.02.06 06:15:25.895,1.46907,1.46923,1.50,1.50
2013.02.06 06:15:25.954,1.46907,1.46921,1.50,1.50
2013.02.06 06:15:26.236,1.46902,1.46921,1.50,1.50
2013.02.06 06:15:26.485,1.46902,1.46924,1.50,1.50
2013.02.06 06:15:27.894,1.46902,1.46927,1.50,1.13
2013.02.06 06:15:28.074,1.46902,1.46925,1.50,1.50
2013.02.06 06:15:29.035,1.46901,1.46925,1.13,2.25
2013.02.06 06:15:29.715,1.46901,1.46922,1.13,1.50
2013.02.06 06:15:30.253,1.46901,1.46922,1.13,1.50
2013.02.06 06:15:30.924,1.46899,1.46922,1.13,2.25
2013.02.06 06:15:31.286,1.46897,1.46915,1.50,1.50
2013.02.06 06:15:31.464,1.46895,1.46915,1.13,1.50
2013.02.06 06:15:35.334,1.46893,1.46915,1.88,1.50
2013.02.06 06:15:36.089,1.46893,1.46919,1.88,3.75
2013.02.06 06:15:37.456,1.46894,1.46915,1.50,1.50
2013.02.06 06:15:37.585,1.46894,1.46913,1.50,1.50
2013.02.06 06:15:37.645,1.46894,1.46915,1.50,1.88
2013.02.06 06:15:38.184,1.46891,1.46915,2.25,3.00
2013.02.06 06:15:38.485,1.4689,1.46902,1.13,1.50
2013.02.06 06:15:39.024,1.4689,1.46902,1.13,1.50
2013.02.06 06:15:39.544,1.4689,1.46902,1.13,1.50
2013.02.06 06:15:40.274,1.4689,1.46902,1.13,1.50
2013.02.06 06:15:40.634,1.4689,1.46899,1.13,1.50
2013.02.06 06:15:41.195,1.4689,1.46899,1.13,1.50
2013.02.06 06:15:41.515,1.4689,1.46902,1.13,3.00
2013.02.06 06:15:41.766,1.4689,1.46907,1.13,2.25
2013.02.06 06:15:42.315,1.4689,1.46907,1.13,2.25
2013.02.06 06:15:42.714,1.4689,1.46907,1.13,1.50
2013.02.06 06:15:44.425,1.4689,1.46909,1.13,4.95
2013.02.06 06:15:46.025,1.46891,1.46909,1.13,2.25
2013.02.06 06:15:47.839,1.46891,1.46903,1.13,1.88
2013.02.06 06:15:48.145,1.46886,1.46899,1.13,1.50
2013.02.06 06:15:48.207,1.46886,1.46899,1.20,1.50
2013.02.06 06:15:48.334,1.46888,1.46899,1.20,1.50
2013.02.06 06:15:48.635,1.46888,1.46899,1.20,1.13
2013.02.06 06:15:48.694,1.46879,1.46899,1.20,1.88
2013.02.06 06:15:48.814,1.46875,1.46899,1.50,1.88
2013.02.06 06:15:49.114,1.46873,1.46899,1.50,1.88
2013.02.06 06:15:50.155,1.46875,1.46899,1.50,1.13
2013.02.06 06:15:51.175,1.46872,1.46896,1.50,1.13
2013.02.06 06:15:51.416,1.46871,1.46895,3.00,1.13
2013.02.06 06:15:51.546,1.46871,1.46891,3.00,1.13
2013.02.06 06:15:51.666,1.46867,1.46891,2.25,1.13
2013.02.06 06:15:52.056,1.46866,1.4689,1.13,1.13
2013.02.06 06:15:52.584,1.46867,1.4689,1.13,1.13
2013.02.06 06:15:52.764,1.46869,1.46893,1.88,1.50
2013.02.06 06:15:52.885,1.46871,1.46895,2.25,1.13
2013.02.06 06:15:52.945,1.46874,1.46898,1.13,2.63
2013.02.06 06:15:53.065,1.46877,1.46899,1.50,1.13
2013.02.06 06:15:53.425,1.46881,1.46904,1.13,1.88
2013.02.06 06:15:53.545,1.4688,1.46904,1.13,1.13
2013.02.06 06:15:55.314,1.4688,1.46904,1.13,1.20
2013.02.06 06:15:55.556,1.4688,1.46902,1.13,2.40
2013.02.06 06:15:55.614,1.4688,1.46902,1.13,1.50
2013.02.06 06:15:56.155,1.46876,1.46904,1.50,3.00
2013.02.06 06:16:00.924,1.46877,1.46899,1.20,1.50
2013.02.06 06:16:01.105,1.4688,1.46904,1.13,1.13
2013.02.06 06:16:01.165,1.46881,1.46905,1.20,3.00
2013.02.06 06:16:01.795,1.46886,1.46903,1.13,1.50
2013.02.06 06:16:02.105,1.46887,1.46903,1.13,1.50
2013.02.06 06:16:02.225,1.46887,1.46907,1.13,1.50
2013.02.06 06:16:02.415,1.46887,1.4691,1.13,1.50
2013.02.06 06:16:05.396,1.46886,1.4691,1.50,1.88
2013.02.06 06:16:05.514,1.46883,1.46909,1.13,1.88
2013.02.06 06:16:05.575,1.46883,1.46907,1.13,1.50
2013.02.06 06:16:05.934,1.46882,1.46903,1.50,1.50
2013.02.06 06:16:06.905,1.46881,1.46903,1.50,1.88
2013.02.06 06:16:06.965,1.46881,1.46903,1.50,1.50
2013.02.06 06:16:07.205,1.46881,1.46905,1.50,2.25
2013.02.06 06:16:07.444,1.46881,1.46905,1.50,1.50
2013.02.06 06:16:07.564,1.46881,1.46904,1.50,1.88
2013.02.06 06:16:10.826,1.46884,1.46905,1.13,1.88
2013.02.06 06:16:10.885,1.46881,1.46906,1.50,1.50
2013.02.06 06:16:11.067,1.46881,1.46908,1.50,1.13
2013.02.06 06:16:11.254,1.46884,1.46909,1.13,3.08
2013.02.06 06:16:12.664,1.46884,1.46908,1.13,1.13
2013.02.06 06:16:12.904,1.46881,1.46906,1.50,1.50
2013.02.06 06:16:12.965,1.46881,1.46907,1.50,1.20
2013.02.06 06:16:13.085,1.46881,1.46903,1.50,1.88
2013.02.06 06:16:13.625,1.46881,1.46903,1.50,1.88
2013.02.06 06:16:16.184,1.46881,1.46903,1.50,2.25
2013.02.06 06:16:18.464,1.46881,1.46903,1.50,2.25
2013.02.06 06:16:25.094,1.46881,1.46906,1.88,1.50
2013.02.06 06:16:25.642,1.46882,1.46909,2.25,1.88
2013.02.06 06:16:25.984,1.46882,1.46909,2.25,1.13
2013.02.06 06:16:40.554,1.46885,1.46911,2.25,1.13
2013.02.06 06:16:42.835,1.46885,1.46911,2.25,1.13
2013.02.06 06:16:42.896,1.46885,1.46907,2.25,1.13
2013.02.06 06:16:43.075,1.4688,1.46904,1.88,1.20
2013.02.06 06:16:43.136,1.46876,1.46903,1.88,1.88
2013.02.06 06:16:43.746,1.46876,1.46902,1.13,1.50
2013.02.06 06:16:45.285,1.46876,1.46901,1.13,1.13
2013.02.06 06:16:47.464,1.46876,1.469,1.13,1.13
2013.02.06 06:16:47.525,1.46876,1.469,1.50,1.13
2013.02.06 06:16:56.855,1.4688,1.46903,1.88,1.88
2013.02.06 06:17:04.007,1.4688,1.46903,1.13,1.50
2013.02.06 06:17:04.136,1.46881,1.46903,1.50,1.50
2013.02.06 06:17:04.495,1.46886,1.46907,1.50,1.13
2013.02.06 06:17:04.554,1.46885,1.46908,1.50,1.95
2013.02.06 06:17:05.523,1.46885,1.46908,1.50,1.20
2013.02.06 06:17:05.864,1.46885,1.46908,1.50,1.95
2013.02.06 06:17:10.305,1.46881,1.46904,3.00,1.13
2013.02.06 06:17:10.974,1.46881,1.46904,3.75,1.13
2013.02.06 06:17:19.005,1.46881,1.46904,3.00,1.13
2013.02.06 06:17:19.184,1.46882,1.46905,1.50,1.13
2013.02.06 06:17:19.305,1.46881,1.46904,3.00,1.13
2013.02.06 06:17:20.048,1.46881,1.46904,3.00,1.13
2013.02.06 06:17:26.015,1.46881,1.46906,1.50,1.50
2013.02.06 06:17:26.194,1.46883,1.46906,1.50,1.50
2013.02.06 06:17:31.804,1.46886,1.46908,1.13,1.50
2013.02.06 06:17:53.974,1.46887,1.46908,2.25,1.50
2013.02.06 06:17:54.274,1.46887,1.46909,3.38,1.50
2013.02.06 06:17:54.395,1.46891,1.46915,1.50,1.88
2013.02.06 06:17:54.574,1.46892,1.46915,1.50,1.13
2013.02.06 06:17:54.884,1.46891,1.46915,1.50,1.58
2013.02.06 06:17:54.944,1.46891,1.46915,1.50,1.58
2013.02.06 06:17:55.304,1.46887,1.4691,1.50,1.50
2013.02.06 06:17:56.394,1.46886,1.46908,1.13,1.50
2013.02.06 06:17:58.926,1.46883,1.46909,1.50,1.50
2013.02.06 06:17:59.234,1.46886,1.46909,1.13,1.50
2013.02.06 06:18:01.884,1.46887,1.46911,1.50,1.50
2013.02.06 06:18:03.754,1.46886,1.46911,1.50,1.50
2013.02.06 06:18:08.675,1.46897,1.46911,1.13,1.50
2013.02.06 06:18:09.035,1.46902,1.46918,1.50,1.50
2013.02.06 06:18:09.236,1.46902,1.46923,3.75,1.13
2013.02.06 06:18:09.356,1.46902,1.46923,3.38,1.13
2013.02.06 06:18:09.475,1.46905,1.46929,1.13,1.20
2013.02.06 06:18:10.135,1.46906,1.46929,1.13,1.50
2013.02.06 06:18:10.255,1.46905,1.46926,1.13,1.50
2013.02.06 06:18:13.276,1.4691,1.46926,1.13,1.50
2013.02.06 06:18:13.639,1.46913,1.4693,1.50,1.13
2013.02.06 06:18:15.354,1.46914,1.46937,1.13,1.50
2013.02.06 06:18:15.774,1.46906,1.46929,2.25,1.13
2013.02.06 06:18:15.954,1.46901,1.46925,1.05,1.13
2013.02.06 06:18:16.195,1.46899,1.46922,1.13,1.58
2013.02.06 06:18:16.256,1.46899,1.4692,1.13,1.13
2013.02.06 06:18:16.615,1.46899,1.46908,1.13,1.13
2013.02.06 06:18:17.395,1.46886,1.46911,1.13,1.50
2013.02.06 06:18:20.946,1.46886,1.46911,1.50,1.88
2013.02.06 06:18:21.895,1.46886,1.46906,1.13,1.50
2013.02.06 06:18:22.254,1.46882,1.46906,1.13,3.00
2013.02.06 06:18:22.314,1.46879,1.46906,1.80,3.75
2013.02.06 06:18:22.915,1.46885,1.46901,1.50,1.50
2013.02.06 06:18:22.976,1.46885,1.46903,1.50,1.50
2013.02.06 06:18:23.095,1.46885,1.46905,1.88,1.50
2013.02.06 06:18:23.804,1.46885,1.46904,1.88,1.50
2013.02.06 06:18:23.865,1.46885,1.46904,2.25,1.50
2013.02.06 06:18:24.826,1.46885,1.46909,2.25,1.50
2013.02.06 06:18:29.904,1.46892,1.46911,1.50,1.20
2013.02.06 06:18:30.145,1.46896,1.46912,3.00,1.20
2013.02.06 06:18:30.266,1.46902,1.46925,3.00,1.20
2013.02.06 06:18:30.385,1.46905,1.46926,1.88,1.13
2013.02.06 06:18:30.505,1.46905,1.46926,4.50,1.13
2013.02.06 06:18:30.864,1.46909,1.4693,1.13,1.88
2013.02.06 06:18:31.105,1.46908,1.46931,1.88,2.25
2013.02.06 06:18:31.165,1.46913,1.46931,1.50,2.25
2013.02.06 06:18:31.345,1.46913,1.46934,1.50,1.50
2013.02.06 06:18:31.406,1.46916,1.46938,1.50,3.75
2013.02.06 06:18:31.585,1.46917,1.46938,1.13,1.50
2013.02.06 06:18:32.915,1.46917,1.46938,1.13,1.50
2013.02.06 06:18:33.336,1.46917,1.4694,1.50,2.25
2013.02.06 06:18:33.675,1.46917,1.46941,1.88,1.20
2013.02.06 06:18:37.544,1.46917,1.46943,1.88,2.25
2013.02.06 06:18:39.804,1.46919,1.46945,1.13,2.25
2013.02.06 06:18:40.714,1.46918,1.46944,1.13,2.25
2013.02.06 06:18:42.846,1.46918,1.46941,1.13,1.50
2013.02.06 06:18:42.905,1.46918,1.46941,1.13,2.25
2013.02.06 06:18:43.145,1.46918,1.46941,1.13,1.50
2013.02.06 06:18:43.325,1.46916,1.46941,1.13,2.25
2013.02.06 06:18:43.624,1.46915,1.4694,2.25,1.13
2013.02.06 06:18:44.624,1.46916,1.4694,1.50,1.13
2013.02.06 06:18:46.890,1.46916,1.46941,1.50,1.88
2013.02.06 06:18:47.564,1.46919,1.46941,1.50,1.50
2013.02.06 06:18:47.865,1.46922,1.46942,1.50,1.13
2013.02.06 06:18:48.045,1.46923,1.46947,1.50,1.88
2013.02.06 06:18:48.644,1.46923,1.46947,2.25,1.88
2013.02.06 06:18:49.204,1.46923,1.46947,1.50,1.88
2013.02.06 06:18:49.264,1.46921,1.46947,1.50,1.88
2013.02.06 06:18:49.564,1.46921,1.46947,1.50,1.13
2013.02.06 06:18:49.803,1.46923,1.46947,2.25,1.13
2013.02.06 06:18:50.957,1.46926,1.46949,1.50,1.13
2013.02.06 06:18:51.314,1.46921,1.46946,1.50,1.88
2013.02.06 06:18:51.674,1.46916,1.46939,1.50,1.88
2013.02.06 06:18:52.618,1.46916,1.46939,1.50,2.25
2013.02.06 06:18:53.057,1.46916,1.46937,1.50,1.50
2013.02.06 06:18:53.125,1.46916,1.46937,1.50,1.50
2013.02.06 06:18:53.185,1.46916,1.46939,1.50,2.25
2013.02.06 06:18:53.307,1.46916,1.46939,1.50,2.25
2013.02.06 06:18:53.434,1.46915,1.46939,1.50,2.25
2013.02.06 06:18:54.036,1.46913,1.46936,1.13,1.43
2013.02.06 06:18:54.396,1.46908,1.46934,1.13,2.10
2013.02.06 06:18:54.465,1.46908,1.46933,1.13,1.05
2013.02.06 06:18:54.824,1.46902,1.46928,1.13,1.88
2013.02.06 06:18:55.124,1.46902,1.46926,1.13,1.50
2013.02.06 06:18:55.424,1.46902,1.46925,1.13,1.50
2013.02.06 06:18:56.855,1.46899,1.46921,1.13,1.13
2013.02.06 06:18:56.977,1.46896,1.46921,1.88,3.68
2013.02.06 06:18:57.235,1.46892,1.46918,1.69,2.85
2013.02.06 06:18:57.355,1.46895,1.46916,1.13,1.43
2013.02.06 06:18:57.474,1.4689,1.46916,2.25,1.43
2013.02.06 06:18:57.535,1.4689,1.46915,2.33,1.50
2013.02.06 06:18:58.052,1.4689,1.46915,1.13,1.50
2013.02.06 06:19:00.957,1.46892,1.46918,1.13,1.80
2013.02.06 06:19:01.025,1.46892,1.46918,1.88,1.50
2013.02.06 06:19:01.264,1.46894,1.46919,3.00,1.88
2013.02.06 06:19:02.959,1.46896,1.46919,1.13,1.88
2013.02.06 06:19:03.266,1.46901,1.46924,1.50,1.50
2013.02.06 06:19:03.326,1.46907,1.46924,1.50,1.50
2013.02.06 06:19:03.386,1.46907,1.46931,2.25,1.13
2013.02.06 06:19:03.567,1.46908,1.46934,1.13,1.88
2013.02.06 06:19:03.934,1.46912,1.46936,1.13,1.50
2013.02.06 06:19:04.485,1.46912,1.46935,1.88,2.25
2013.02.06 06:19:05.004,1.46907,1.46933,2.63,1.50
2013.02.06 06:19:05.434,1.46907,1.46933,2.63,1.50
2013.02.06 06:19:09.584,1.46907,1.46933,3.38,1.50
2013.02.06 06:19:11.859,1.46907,1.46933,2.63,1.50
2013.02.06 06:19:12.714,1.46909,1.46933,1.50,1.50
2013.02.06 06:19:14.945,1.46907,1.46933,1.88,1.50
2013.02.06 06:19:16.157,1.4691,1.46933,1.50,1.50
2013.02.06 06:19:17.005,1.46913,1.46933,1.50,1.50
2013.02.06 06:19:17.544,1.46913,1.46936,1.50,1.88
2013.02.06 06:19:19.174,1.46913,1.46936,2.25,1.88
2013.02.06 06:19:20.326,1.46912,1.46936,1.20,1.88
2013.02.06 06:19:20.685,1.46915,1.4694,1.13,1.50
2013.02.06 06:19:20.745,1.46916,1.46943,2.25,3.45
2013.02.06 06:19:21.274,1.46917,1.46943,2.25,1.50
2013.02.06 06:19:21.335,1.46919,1.46943,1.13,1.50
2013.02.06 06:19:21.709,1.46926,1.46949,1.13,1.50
2013.02.06 06:19:22.044,1.46926,1.46949,1.88,1.50
2013.02.06 06:19:23.144,1.46926,1.4695,1.88,2.25
2013.02.06 06:19:25.215,1.46928,1.4695,1.50,1.50
2013.02.06 06:19:26.525,1.46928,1.46947,1.50,1.20
2013.02.06 06:19:26.595,1.46926,1.46947,1.88,1.20
2013.02.06 06:19:26.654,1.46926,1.46945,1.50,1.95
2013.02.06 06:19:26.894,1.46919,1.46943,2.63,1.58
2013.02.06 06:19:26.954,1.46919,1.46943,1.13,1.58
2013.02.06 06:19:27.015,1.46918,1.46943,1.13,1.58
2013.02.06 06:19:27.074,1.46918,1.46939,1.13,1.28
2013.02.06 06:19:27.494,1.46915,1.46939,1.50,3.53
2013.02.06 06:19:28.184,1.46915,1.46939,1.50,3.90
2013.02.06 06:19:28.544,1.46912,1.46938,1.50,1.20
2013.02.06 06:19:29.655,1.46915,1.46939,1.88,2.70
2013.02.06 06:19:29.946,1.46916,1.4694,1.50,1.65
2013.02.06 06:19:31.885,1.46915,1.46938,1.13,3.08
2013.02.06 06:19:31.946,1.46913,1.46933,1.50,1.20
2013.02.06 06:19:32.005,1.46912,1.4693,1.13,1.28
2013.02.06 06:19:32.184,1.46911,1.46934,1.13,2.40
2013.02.06 06:19:32.244,1.46911,1.46934,1.13,1.20
2013.02.06 06:19:32.424,1.46912,1.46936,1.13,1.20
2013.02.06 06:19:32.604,1.46917,1.4694,2.25,1.65
2013.02.06 06:19:32.664,1.46917,1.46941,3.00,1.50
2013.02.06 06:19:32.724,1.46919,1.46945,2.25,1.20
2013.02.06 06:19:33.026,1.46927,1.46948,1.13,2.40
2013.02.06 06:19:34.495,1.46924,1.46948,1.50,1.20
2013.02.06 06:19:37.705,1.46928,1.46953,1.13,1.50
2013.02.06 06:19:37.765,1.46929,1.46954,1.13,1.13
2013.02.06 06:19:37.885,1.4693,1.46954,1.50,1.13
2013.02.06 06:19:40.445,1.46931,1.46956,2.25,1.50
2013.02.06 06:19:41.415,1.46931,1.46956,2.25,1.50
2013.02.06 06:19:41.536,1.46936,1.46958,1.20,1.13
2013.02.06 06:19:41.955,1.46934,1.46956,2.25,1.13
2013.02.06 06:19:42.195,1.46932,1.46958,1.50,1.88
2013.02.06 06:19:42.854,1.46937,1.46959,1.50,1.13
2013.02.06 06:19:44.724,1.46937,1.46959,1.50,1.13
2013.02.06 06:19:45.435,1.46945,1.46959,1.20,1.13
2013.02.06 06:19:45.918,1.4694,1.46959,1.13,1.13
2013.02.06 06:19:46.245,1.4694,1.46959,1.13,1.13
2013.02.06 06:19:46.905,1.46932,1.46956,1.88,2.63
2013.02.06 06:19:47.625,1.46934,1.46955,1.50,1.50
2013.02.06 06:19:47.924,1.46932,1.46955,1.50,1.88
2013.02.06 06:19:48.465,1.46927,1.46949,1.50,1.50
2013.02.06 06:19:48.944,1.46922,1.46949,2.25,3.00
2013.02.06 06:19:49.314,1.46922,1.46948,2.25,1.13
2013.02.06 06:19:49.795,1.46928,1.46953,2.25,1.88
2013.02.06 06:19:50.414,1.4693,1.46956,2.25,1.88
2013.02.06 06:19:50.594,1.46932,1.46956,2.25,1.13
2013.02.06 06:19:51.925,1.46932,1.46956,1.50,2.25
2013.02.06 06:19:56.285,1.46927,1.46953,2.55,3.00
2013.02.06 06:19:56.405,1.46922,1.46948,3.19,2.25
2013.02.06 06:19:56.525,1.46922,1.46948,1.69,3.75
2013.02.06 06:19:58.324,1.46921,1.46945,2.25,2.63
2013.02.06 06:19:58.504,1.46921,1.46945,1.50,2.63
2013.02.06 06:20:01.904,1.46921,1.46945,1.50,3.00
2013.02.06 06:20:03.514,1.46921,1.46943,1.50,1.28
2013.02.06 06:20:03.817,1.46912,1.46936,1.50,2.25
2013.02.06 06:20:03.886,1.46912,1.46936,1.50,2.25
2013.02.06 06:20:04.125,1.46912,1.46932,1.50,1.50
2013.02.06 06:20:04.246,1.46907,1.46929,1.95,1.50
2013.02.06 06:20:04.426,1.46903,1.46926,1.13,1.58
2013.02.06 06:20:04.545,1.46903,1.46925,1.13,2.25
2013.02.06 06:20:04.605,1.46903,1.46924,1.13,1.13
2013.02.06 06:20:04.845,1.46896,1.46921,1.50,1.88
2013.02.06 06:20:04.905,1.46895,1.46916,1.50,1.13
2013.02.06 06:20:05.207,1.46895,1.46917,1.50,1.50
2013.02.06 06:20:05.395,1.46897,1.46921,1.50,2.33
2013.02.06 06:20:05.454,1.46897,1.46921,1.50,1.88
2013.02.06 06:20:05.756,1.46894,1.46916,1.13,1.50
2013.02.06 06:20:05.816,1.46894,1.46911,1.13,1.50
2013.02.06 06:20:06.450,1.46886,1.469,2.40,1.20
2013.02.06 06:20:06.522,1.46878,1.469,1.50,1.20
2013.02.06 06:20:06.706,1.46876,1.46898,3.00,1.13
2013.02.06 06:20:06.776,1.46876,1.46896,1.50,1.13
2013.02.06 06:20:06.965,1.4687,1.46895,2.63,2.25
2013.02.06 06:20:07.025,1.4687,1.46892,2.63,1.50
2013.02.06 06:20:07.386,1.46862,1.46886,1.50,1.13
2013.02.06 06:20:07.505,1.46861,1.46884,1.13,1.50
2013.02.06 06:20:07.924,1.46861,1.46883,1.13,1.50
2013.02.06 06:20:08.166,1.46857,1.46883,1.50,1.95
2013.02.06 06:20:08.287,1.46857,1.46882,1.50,1.20
2013.02.06 06:20:08.416,1.46857,1.46879,1.50,1.88
2013.02.06 06:20:08.714,1.46851,1.46879,1.50,4.13
2013.02.06 06:20:08.834,1.46851,1.46877,1.50,1.13
2013.02.06 06:20:10.464,1.46854,1.46879,1.50,1.50
2013.02.06 06:20:18.094,1.46854,1.46879,2.25,1.50
2013.02.06 06:20:18.394,1.46858,1.46883,1.50,1.50
2013.02.06 06:20:18.954,1.46858,1.46883,1.50,1.50
2013.02.06 06:20:20.274,1.46858,1.46884,1.50,1.50
2013.02.06 06:20:21.110,1.46859,1.46884,1.50,1.50
2013.02.06 06:20:21.175,1.46861,1.46884,2.25,1.50
2013.02.06 06:20:24.334,1.46861,1.46884,2.63,1.50
2013.02.06 06:20:24.969,1.46864,1.46884,1.50,1.50
2013.02.06 06:20:25.485,1.46864,1.46889,1.50,1.95
2013.02.06 06:20:25.544,1.46864,1.46889,1.50,1.95
2013.02.06 06:20:26.754,1.46862,1.46889,1.13,1.95
2013.02.06 06:20:27.454,1.46864,1.46889,1.50,1.95
2013.02.06 06:20:28.437,1.46864,1.46887,1.50,1.50
2013.02.06 06:20:28.925,1.46868,1.46887,1.50,1.50
2013.02.06 06:20:28.985,1.4687,1.46888,1.50,1.50
2013.02.06 06:20:29.808,1.4687,1.46896,2.63,1.50
2013.02.06 06:20:29.875,1.46871,1.46895,1.13,1.50
2013.02.06 06:20:33.434,1.46872,1.46899,1.88,3.00
2013.02.06 06:20:37.084,1.46875,1.46896,1.13,1.50
2013.02.06 06:20:38.035,1.46875,1.46898,1.88,1.50
2013.02.06 06:20:38.214,1.46877,1.46903,1.50,3.08
2013.02.06 06:20:38.515,1.46875,1.469,1.88,2.25
2013.02.06 06:20:39.405,1.46875,1.46899,1.13,1.50
2013.02.06 06:20:40.265,1.46875,1.46899,1.88,1.50
2013.02.06 06:20:40.744,1.46876,1.46901,1.50,1.50
2013.02.06 06:20:41.065,1.46875,1.46901,1.13,1.50
2013.02.06 06:20:43.344,1.46876,1.46898,1.13,2.25
2013.02.06 06:20:45.194,1.46875,1.46896,1.13,1.50
2013.02.06 06:20:45.725,1.46872,1.46896,1.50,1.50
2013.02.06 06:20:51.616,1.46872,1.46893,1.13,1.50
2013.02.06 06:20:51.805,1.46869,1.46892,1.13,1.50
2013.02.06 06:20:51.865,1.46867,1.46892,1.95,3.38
2013.02.06 06:20:52.075,1.46865,1.46888,1.13,3.00
2013.02.06 06:20:52.256,1.46862,1.46885,1.50,1.50
2013.02.06 06:20:52.555,1.46862,1.46884,1.50,1.50
2013.02.06 06:20:52.675,1.46862,1.46884,1.50,1.50
2013.02.06 06:20:53.216,1.4686,1.46884,1.50,1.50
2013.02.06 06:20:53.574,1.4686,1.46884,1.50,1.50
2013.02.06 06:20:54.395,1.4686,1.46883,1.50,2.25
2013.02.06 06:20:54.515,1.4686,1.46883,1.50,3.00
2013.02.06 06:20:56.325,1.4686,1.46884,1.50,2.63
2013.02.06 06:20:56.505,1.46861,1.46884,1.13,2.63
2013.02.06 06:21:00.225,1.46867,1.46885,1.13,1.13
2013.02.06 06:21:00.406,1.46867,1.46889,1.20,1.50
2013.02.06 06:21:00.766,1.46866,1.46889,1.88,1.88
2013.02.06 06:21:00.885,1.46872,1.46889,1.13,1.13
2013.02.06 06:21:01.192,1.46872,1.46893,1.13,1.50
2013.02.06 06:21:01.374,1.46872,1.46894,1.13,2.25
2013.02.06 06:21:01.646,1.46876,1.46898,1.13,3.38
2013.02.06 06:21:02.169,1.4687,1.46894,1.13,1.50
2013.02.06 06:21:03.375,1.46868,1.46894,1.50,3.00
2013.02.06 06:21:07.134,1.46867,1.46892,1.13,1.13
2013.02.06 06:21:07.196,1.46868,1.46892,1.50,1.13
2013.02.06 06:21:08.176,1.46868,1.46891,1.50,1.50
2013.02.06 06:21:08.505,1.46867,1.46887,1.50,1.50
2013.02.06 06:21:08.685,1.46863,1.46887,1.50,1.88
2013.02.06 06:21:08.745,1.46863,1.46884,1.50,1.50
2013.02.06 06:21:09.046,1.46861,1.46884,1.13,2.25
2013.02.06 06:21:09.756,1.46861,1.46884,1.13,2.25
2013.02.06 06:21:13.389,1.4686,1.46886,1.13,1.50
2013.02.06 06:21:15.486,1.46861,1.46887,3.00,1.58
2013.02.06 06:21:15.727,1.46866,1.46885,1.50,1.13
2013.02.06 06:21:16.155,1.46866,1.46889,2.25,1.13
2013.02.06 06:21:21.646,1.46865,1.46889,1.13,1.88
2013.02.06 06:21:21.965,1.46866,1.46892,1.13,2.25
2013.02.06 06:21:23.455,1.46866,1.46892,2.63,2.25
2013.02.06 06:21:23.875,1.46865,1.46889,2.25,3.00
2013.02.06 06:21:24.465,1.46861,1.46883,1.13,1.50
2013.02.06 06:21:24.538,1.46857,1.46883,1.50,1.50
2013.02.06 06:21:24.846,1.46856,1.46882,1.88,1.13
2013.02.06 06:21:25.565,1.46864,1.46882,1.20,1.13
2013.02.06 06:21:25.866,1.46871,1.46891,1.50,1.13
2013.02.06 06:21:25.926,1.46872,1.46891,1.13,1.13
2013.02.06 06:21:25.986,1.46872,1.46893,1.13,1.50
2013.02.06 06:21:26.046,1.46872,1.46894,1.13,1.50
2013.02.06 06:21:29.804,1.46876,1.46899,1.13,1.50
2013.02.06 06:21:30.585,1.46876,1.46899,1.58,1.50
2013.02.06 06:21:30.825,1.46876,1.46896,1.20,2.25
2013.02.06 06:21:30.946,1.46876,1.46899,1.13,2.25
2013.02.06 06:21:31.247,1.46869,1.4688,1.50,1.50
2013.02.06 06:21:31.305,1.46865,1.4688,1.50,1.50
2013.02.06 06:21:31.365,1.46863,1.4688,1.50,1.50
2013.02.06 06:21:31.428,1.46863,1.46878,1.50,1.50
2013.02.06 06:21:31.735,1.4686,1.46873,1.50,1.50
2013.02.06 06:21:31.975,1.46858,1.46873,1.13,1.50
2013.02.06 06:21:32.225,1.46856,1.46873,1.88,1.50
2013.02.06 06:21:32.285,1.46856,1.46873,1.50,1.50
2013.02.06 06:21:32.705,1.46856,1.46876,1.50,1.50
2013.02.06 06:21:33.115,1.46856,1.46879,1.50,1.50
2013.02.06 06:21:35.213,1.46856,1.46872,1.50,1.50
2013.02.06 06:21:35.359,1.46856,1.46877,1.88,1.50
2013.02.06 06:21:35.427,1.46856,1.46873,1.13,1.50
2013.02.06 06:21:35.556,1.46856,1.4688,1.13,2.10
2013.02.06 06:21:35.735,1.46852,1.46878,2.63,1.13
2013.02.06 06:21:36.565,1.46852,1.46875,2.63,1.88
2013.02.06 06:21:36.869,1.4685,1.46873,2.25,1.20
2013.02.06 06:21:37.175,1.46854,1.46877,1.13,2.44
2013.02.06 06:21:37.355,1.46847,1.46873,1.88,1.50
2013.02.06 06:21:37.479,1.46847,1.46873,1.50,1.50
2013.02.06 06:21:37.605,1.46847,1.46872,1.50,2.25
2013.02.06 06:21:40.136,1.46847,1.4687,1.20,2.25
2013.02.06 06:21:40.684,1.46847,1.46872,1.13,1.95
2013.02.06 06:21:41.244,1.46847,1.46872,1.13,2.25
2013.02.06 06:21:41.876,1.46847,1.46872,1.13,2.25
2013.02.06 06:21:42.514,1.46847,1.4687,1.13,2.25
2013.02.06 06:21:42.881,1.46847,1.4687,1.13,2.25
2013.02.06 06:21:43.555,1.46847,1.4687,1.13,2.25
2013.02.06 06:21:43.795,1.46845,1.46869,1.50,1.50
2013.02.06 06:21:43.915,1.46847,1.4687,1.13,2.25
2013.02.06 06:21:44.276,1.46845,1.46864,1.88,2.25
2013.02.06 06:21:44.695,1.46842,1.46857,1.13,1.50
2013.02.06 06:21:44.755,1.46836,1.46857,1.88,1.50
2013.02.06 06:21:45.385,1.46836,1.46857,1.88,2.25
2013.02.06 06:21:45.504,1.46836,1.46857,1.88,2.25
2013.02.06 06:21:48.186,1.46836,1.4686,1.88,2.25
2013.02.06 06:21:48.364,1.4684,1.46864,1.50,1.50
2013.02.06 06:21:48.485,1.4684,1.46858,1.50,1.50
2013.02.06 06:21:48.606,1.46837,1.46858,1.95,1.50
2013.02.06 06:21:48.735,1.46837,1.46855,1.95,1.50
2013.02.06 06:21:48.795,1.46837,1.46855,1.50,1.50
2013.02.06 06:21:50.107,1.46837,1.46858,1.50,2.25
2013.02.06 06:21:50.388,1.46837,1.46858,1.50,2.25
2013.02.06 06:21:50.995,1.46841,1.4686,1.50,1.50
2013.02.06 06:21:53.647,1.46838,1.4686,1.13,2.25
2013.02.06 06:21:54.506,1.46838,1.46858,1.13,1.50
2013.02.06 06:21:56.242,1.46837,1.46856,1.13,1.50
2013.02.06 06:21:59.276,1.46834,1.46855,1.50,1.50
2013.02.06 06:21:59.395,1.46833,1.46854,1.20,1.50
2013.02.06 06:22:00.646,1.46835,1.46854,1.50,1.50
2013.02.06 06:22:01.317,1.46835,1.46854,1.50,2.25
2013.02.06 06:22:01.846,1.46835,1.46854,1.50,1.50
2013.02.06 06:22:02.587,1.46835,1.46854,1.50,1.50
2013.02.06 06:22:02.645,1.46835,1.46857,2.25,2.25
2013.02.06 06:22:05.215,1.46836,1.46858,1.13,1.50
2013.02.06 06:22:05.966,1.46834,1.46858,1.50,2.63
2013.02.06 06:22:07.166,1.46832,1.46854,1.88,1.50
2013.02.06 06:22:07.476,1.46826,1.46844,1.50,1.50
2013.02.06 06:22:07.895,1.46818,1.46839,1.50,1.50
2013.02.06 06:22:08.016,1.46816,1.46838,1.13,2.25
2013.02.06 06:22:08.196,1.46814,1.46838,2.63,2.25
2013.02.06 06:22:08.735,1.46814,1.46838,1.88,1.50
2013.02.06 06:22:08.795,1.46814,1.46838,1.88,1.50
2013.02.06 06:22:09.505,1.46813,1.46838,1.13,1.50
2013.02.06 06:22:10.306,1.46814,1.46839,1.50,2.25
2013.02.06 06:22:13.444,1.46812,1.46833,2.63,1.95
2013.02.06 06:22:13.506,1.46806,1.46828,3.08,1.50
2013.02.06 06:22:13.926,1.468,1.46821,4.20,2.25
2013.02.06 06:22:13.986,1.468,1.4682,1.50,1.50
2013.02.06 06:22:14.105,1.46796,1.46818,1.50,2.25
2013.02.06 06:22:14.165,1.46795,1.46818,1.50,2.25
2013.02.06 06:22:14.595,1.46795,1.46818,1.50,1.50
2013.02.06 06:22:15.796,1.46795,1.46818,1.13,1.50
2013.02.06 06:22:16.167,1.46796,1.46819,1.50,2.25
2013.02.06 06:22:16.405,1.46797,1.46821,1.50,4.13
2013.02.06 06:22:16.586,1.46798,1.46821,1.50,2.63
2013.02.06 06:22:16.765,1.46796,1.46819,1.50,1.50
2013.02.06 06:22:18.016,1.46796,1.46816,1.50,1.50
2013.02.06 06:22:18.375,1.46795,1.46819,1.88,4.28
2013.02.06 06:22:18.495,1.46795,1.46819,1.88,5.03
2013.02.06 06:22:20.805,1.46795,1.46815,1.50,1.50
2013.02.06 06:22:21.109,1.46787,1.4681,1.50,3.08
2013.02.06 06:22:21.416,1.46784,1.46805,1.13,3.30
2013.02.06 06:22:21.855,1.46781,1.46805,1.88,3.30
2013.02.06 06:22:22.376,1.46785,1.46805,1.13,2.25
2013.02.06 06:22:23.076,1.46785,1.46807,1.13,2.82
2013.02.06 06:22:24.117,1.46787,1.46809,1.50,4.20
2013.02.06 06:22:25.845,1.46787,1.46809,1.50,2.25
2013.02.06 06:22:39.455,1.46786,1.46809,1.50,1.50
2013.02.06 06:22:41.035,1.46782,1.46807,1.50,1.88
2013.02.06 06:22:41.138,1.46781,1.46807,2.25,1.88
2013.02.06 06:22:41.936,1.46781,1.46804,1.50,3.00
2013.02.06 06:22:43.607,1.46781,1.46803,1.50,1.13
2013.02.06 06:22:45.766,1.46781,1.46802,1.50,1.13
2013.02.06 06:22:46.067,1.46781,1.46797,1.50,1.88
2013.02.06 06:22:46.375,1.46773,1.46795,1.58,1.13
2013.02.06 06:22:47.306,1.46771,1.4679,1.50,1.13
2013.02.06 06:22:52.273,1.46771,1.46794,1.50,2.63
2013.02.06 06:22:52.816,1.46771,1.46793,2.25,1.13
2013.02.06 06:22:53.355,1.46773,1.46794,1.13,2.03
2013.02.06 06:22:56.125,1.46773,1.46793,1.88,2.25
2013.02.06 06:22:56.426,1.46776,1.46796,1.13,2.25
2013.02.06 06:22:56.965,1.46778,1.46796,1.13,2.25
2013.02.06 06:22:59.290,1.46778,1.46796,1.13,2.25
2013.02.06 06:22:59.985,1.46778,1.46798,1.13,3.00
2013.02.06 06:23:00.226,1.46778,1.46798,1.13,1.13
2013.02.06 06:23:00.346,1.46778,1.46798,1.13,2.25
2013.02.06 06:23:00.466,1.46778,1.46796,1.13,1.50
2013.02.06 06:23:00.983,1.46773,1.46796,1.50,1.50
2013.02.06 06:23:01.498,1.46773,1.46797,1.50,1.95
2013.02.06 06:23:01.566,1.46772,1.46797,1.13,1.88
2013.02.06 06:23:03.625,1.46772,1.46797,1.13,2.25
2013.02.06 06:23:07.575,1.46771,1.46797,1.13,2.10
2013.02.06 06:23:09.815,1.46772,1.46793,1.88,1.05
2013.02.06 06:23:12.985,1.46769,1.46793,2.70,1.50
2013.02.06 06:23:18.465,1.46769,1.46795,2.70,1.20
2013.02.06 06:23:19.006,1.46769,1.46793,2.25,3.98
2013.02.06 06:23:20.707,1.46769,1.46793,2.25,3.23
2013.02.06 06:23:20.826,1.46771,1.46792,2.25,1.50
2013.02.06 06:23:21.006,1.46771,1.46794,2.25,2.63
2013.02.06 06:23:22.086,1.46771,1.46793,2.25,1.50
2013.02.06 06:23:22.626,1.46772,1.46793,1.50,1.50
2013.02.06 06:23:22.686,1.46772,1.46793,2.25,1.50
2013.02.06 06:23:23.226,1.46775,1.46794,2.25,1.50
2013.02.06 06:23:23.285,1.46777,1.46796,1.50,2.25
2013.02.06 06:23:23.945,1.46777,1.46797,1.50,1.50
2013.02.06 06:23:26.220,1.46777,1.46799,2.25,1.50
2013.02.06 06:23:29.815,1.46777,1.46801,2.25,1.50
2013.02.06 06:23:31.126,1.46777,1.46802,3.00,1.13
2013.02.06 06:23:31.596,1.46777,1.46801,2.25,1.50
2013.02.06 06:23:32.326,1.46777,1.46802,2.25,1.13
2013.02.06 06:23:32.806,1.46781,1.46803,3.00,1.50
2013.02.06 06:23:39.627,1.46781,1.46804,1.50,2.63
2013.02.06 06:23:40.765,1.46781,1.46805,1.50,1.13
2013.02.06 06:23:41.937,1.46782,1.46808,1.13,1.58
2013.02.06 06:23:42.009,1.46785,1.46808,1.50,1.58
2013.02.06 06:23:42.136,1.46785,1.46808,1.88,1.13
2013.02.06 06:23:42.436,1.46787,1.46809,1.13,1.50
2013.02.06 06:23:42.679,1.46791,1.46814,1.50,1.88
2013.02.06 06:23:42.986,1.46794,1.46815,1.50,1.50
2013.02.06 06:23:43.225,1.46795,1.46821,1.50,3.38
2013.02.06 06:23:43.645,1.46797,1.46823,1.50,1.50
2013.02.06 06:23:45.335,1.46797,1.46822,1.50,1.50
2013.02.06 06:23:45.516,1.46796,1.46818,2.25,3.38
2013.02.06 06:23:45.635,1.46795,1.46818,2.25,4.50
2013.02.06 06:23:45.875,1.46791,1.46813,2.25,1.50
2013.02.06 06:23:46.385,1.46788,1.46814,2.63,3.38
2013.02.06 06:23:46.767,1.46795,1.46814,1.43,1.88
2013.02.06 06:23:47.126,1.46802,1.4682,1.50,1.50
2013.02.06 06:23:47.486,1.46805,1.46823,1.50,1.50
2013.02.06 06:23:47.665,1.46806,1.46823,1.50,1.50
2013.02.06 06:23:47.907,1.46811,1.46828,1.35,1.13
2013.02.06 06:23:47.976,1.46811,1.4683,1.35,2.25
2013.02.06 06:23:48.036,1.46809,1.4683,3.00,1.50
2013.02.06 06:23:48.096,1.46817,1.46833,1.35,1.50
2013.02.06 06:23:48.216,1.46817,1.46836,1.35,1.13
2013.02.06 06:23:48.336,1.46822,1.46836,1.50,1.13
2013.02.06 06:23:48.396,1.46818,1.46836,1.50,1.13
2013.02.06 06:23:48.905,1.46817,1.46838,1.50,1.88
2013.02.06 06:23:49.216,1.46817,1.46838,1.88,1.88
2013.02.06 06:23:49.277,1.46818,1.46838,2.25,1.13
2013.02.06 06:23:49.336,1.46824,1.46838,1.50,1.13
2013.02.06 06:23:49.637,1.46826,1.46843,1.88,1.50
2013.02.06 06:23:49.695,1.46826,1.46844,1.88,1.50
2013.02.06 06:23:50.546,1.46826,1.46848,3.00,1.50
2013.02.06 06:23:51.438,1.46827,1.46848,1.43,1.50
2013.02.06 06:23:51.867,1.46829,1.46853,1.50,2.33
2013.02.06 06:23:53.355,1.46826,1.46853,3.38,3.83
2013.02.06 06:23:53.947,1.46827,1.46853,2.25,2.70
2013.02.06 06:23:54.643,1.46831,1.46853,1.50,1.88
2013.02.06 06:24:01.676,1.46831,1.46851,1.50,1.50
2013.02.06 06:24:02.086,1.46831,1.46846,1.50,1.50
2013.02.06 06:24:02.656,1.46827,1.46846,1.50,1.50
2013.02.06 06:24:02.775,1.46827,1.46849,1.50,1.13
2013.02.06 06:24:02.835,1.46827,1.46849,1.50,2.63
2013.02.06 06:24:03.196,1.46821,1.46847,1.13,1.88
2013.02.06 06:24:03.435,1.4682,1.46844,1.13,3.75
2013.02.06 06:24:04.177,1.46818,1.46844,1.50,3.38
2013.02.06 06:24:04.425,1.46818,1.46844,1.50,2.63
2013.02.06 06:24:12.987,1.4682,1.46843,1.50,1.13
2013.02.06 06:24:13.629,1.46822,1.46843,1.50,1.13
2013.02.06 06:24:15.596,1.46823,1.46845,1.50,1.13
2013.02.06 06:24:16.145,1.46822,1.46848,1.50,3.00
2013.02.06 06:24:19.916,1.46822,1.46848,1.50,2.25
2013.02.06 06:24:20.115,1.46821,1.46844,1.13,1.13
2013.02.06 06:24:20.595,1.46816,1.4684,1.50,1.13
2013.02.06 06:24:21.265,1.46816,1.4684,1.50,1.88
2013.02.06 06:24:21.776,1.46816,1.4684,1.50,1.13
2013.02.06 06:24:23.576,1.4682,1.4684,1.50,1.13
2013.02.06 06:24:23.817,1.46822,1.46844,1.20,1.13
2013.02.06 06:24:23.996,1.46825,1.46848,1.13,2.25
2013.02.06 06:24:24.055,1.46824,1.46848,1.13,2.25
2013.02.06 06:24:40.605,1.46822,1.46846,1.13,1.13
2013.02.06 06:24:40.966,1.46821,1.46844,1.13,1.50
2013.02.06 06:24:41.205,1.4682,1.46844,1.50,1.50
2013.02.06 06:24:41.645,1.46821,1.46844,1.13,1.50
2013.02.06 06:24:57.796,1.46821,1.46845,1.13,2.25
2013.02.06 06:25:01.429,1.4682,1.46844,1.88,1.50
2013.02.06 06:25:01.585,1.4682,1.46845,1.88,1.13
2013.02.06 06:25:01.706,1.4682,1.46843,1.13,3.00
2013.02.06 06:25:02.065,1.4682,1.4684,1.13,2.25
2013.02.06 06:25:02.425,1.46816,1.46837,1.50,1.13
2013.02.06 06:25:02.975,1.46813,1.46836,1.13,1.13
2013.02.06 06:25:03.296,1.46812,1.46833,1.20,1.13
2013.02.06 06:25:18.879,1.46811,1.46834,1.50,1.13
2013.02.06 06:25:40.287,1.46811,1.46834,1.50,1.88
2013.02.06 06:25:40.766,1.46806,1.46832,3.00,1.50
2013.02.06 06:25:40.826,1.46807,1.46831,1.50,1.50
2013.02.06 06:25:40.887,1.4681,1.46833,1.65,1.50
2013.02.06 06:25:40.947,1.4681,1.46831,1.65,1.50
2013.02.06 06:25:41.006,1.4681,1.46831,1.95,1.50
2013.02.06 06:25:41.186,1.4681,1.46831,1.50,1.13
2013.02.06 06:25:41.717,1.46806,1.46831,2.33,1.13
2013.02.06 06:25:45.145,1.46809,1.46831,1.50,1.13
2013.02.06 06:25:45.986,1.46811,1.46834,1.50,1.50
2013.02.06 06:25:51.397,1.46807,1.4683,2.70,1.13
2013.02.06 06:25:51.773,1.46805,1.46824,1.13,1.13
2013.02.06 06:25:51.837,1.46805,1.46824,1.13,1.13
2013.02.06 06:25:52.136,1.46801,1.46823,3.00,1.50
2013.02.06 06:25:52.195,1.46801,1.46824,1.50,1.50
2013.02.06 06:25:52.386,1.46801,1.46823,1.50,1.13
2013.02.06 06:25:54.676,1.46801,1.46823,3.00,1.50
2013.02.06 06:25:57.387,1.46801,1.46818,2.25,1.88
2013.02.06 06:25:57.446,1.46796,1.46817,2.25,1.88
2013.02.06 06:25:57.569,1.46793,1.46817,1.13,1.88
2013.02.06 06:25:58.845,1.4679,1.46813,1.50,1.13
2013.02.06 06:25:59.206,1.46793,1.46815,1.50,1.13
2013.02.06 06:25:59.940,1.46793,1.46813,2.25,1.13
2013.02.06 06:26:03.356,1.46793,1.46814,2.25,1.13
2013.02.06 06:26:03.417,1.46795,1.46813,1.13,1.13
2013.02.06 06:26:03.536,1.46796,1.46818,1.13,1.13
2013.02.06 06:26:03.835,1.46797,1.46819,1.20,1.13
2013.02.06 06:26:04.486,1.46799,1.46822,2.25,1.50
2013.02.06 06:26:09.016,1.46802,1.46822,1.50,1.50
2013.02.06 06:26:10.996,1.468,1.46822,3.00,1.50
2013.02.06 06:26:19.605,1.468,1.46822,2.25,1.13
2013.02.06 06:26:19.908,1.46795,1.46814,3.00,1.13
2013.02.06 06:26:20.037,1.46793,1.46814,1.13,1.13
2013.02.06 06:26:20.096,1.46791,1.46814,1.50,1.13
2013.02.06 06:26:20.336,1.46791,1.46814,1.50,1.50
2013.02.06 06:26:20.647,1.46788,1.46808,3.00,1.50
2013.02.06 06:26:20.706,1.46788,1.46808,1.50,1.50
2013.02.06 06:26:22.786,1.46787,1.46808,1.50,1.50
2013.02.06 06:26:25.106,1.46784,1.46804,1.13,3.00
2013.02.06 06:26:25.166,1.4678,1.46804,3.45,3.75
2013.02.06 06:26:25.226,1.4678,1.46804,1.50,1.88
2013.02.06 06:26:25.467,1.46777,1.46802,3.38,1.13
2013.02.06 06:26:26.144,1.46777,1.468,2.63,1.50
2013.02.06 06:26:26.685,1.46776,1.468,1.50,1.13
2013.02.06 06:26:29.557,1.46776,1.46798,1.50,1.13
2013.02.06 06:26:29.866,1.46772,1.46794,1.50,1.50
2013.02.06 06:26:30.996,1.46769,1.46794,2.25,1.13
2013.02.06 06:26:32.638,1.46767,1.46791,2.25,1.20
2013.02.06 06:26:32.766,1.46767,1.46791,1.50,1.54
2013.02.06 06:26:32.827,1.46766,1.46788,1.50,1.13
2013.02.06 06:26:32.886,1.46762,1.46783,2.25,1.50
2013.02.06 06:26:33.067,1.46762,1.4678,2.25,1.13
2013.02.06 06:26:33.246,1.46757,1.46783,2.25,2.63
2013.02.06 06:26:33.755,1.46756,1.46783,3.00,1.50
2013.02.06 06:26:36.556,1.46757,1.46783,1.50,2.25
2013.02.06 06:26:36.962,1.46757,1.46779,1.50,1.50
2013.02.06 06:26:38.146,1.46756,1.46779,3.38,2.25
2013.02.06 06:26:40.955,1.46756,1.46779,3.00,1.88
2013.02.06 06:26:41.196,1.46756,1.46779,3.00,1.50
2013.02.06 06:26:42.055,1.46757,1.46779,1.13,1.50
2013.02.06 06:26:42.601,1.4676,1.46779,1.50,1.50
2013.02.06 06:26:43.647,1.4676,1.46784,2.25,1.50
2013.02.06 06:26:44.176,1.46761,1.46784,1.13,1.50
2013.02.06 06:26:44.535,1.46762,1.46784,1.20,1.50
2013.02.06 06:26:46.076,1.46761,1.46779,1.13,1.13
2013.02.06 06:26:46.206,1.46757,1.46779,1.50,1.88
2013.02.06 06:26:46.506,1.46757,1.46778,1.13,1.50
2013.02.06 06:26:47.115,1.46758,1.46782,1.13,1.13
2013.02.06 06:26:47.175,1.46758,1.46782,1.13,1.13
2013.02.06 06:26:48.707,1.46758,1.46782,1.13,1.13
2013.02.06 06:26:48.927,1.46757,1.46782,2.33,1.13
2013.02.06 06:26:49.667,1.4676,1.46782,1.50,1.13
2013.02.06 06:26:49.846,1.46757,1.46782,2.33,1.13
2013.02.06 06:26:52.258,1.46757,1.46784,3.08,1.50
2013.02.06 06:26:54.206,1.4676,1.46784,2.63,1.50
2013.02.06 06:26:54.507,1.46761,1.46784,1.13,1.50
2013.02.06 06:26:54.866,1.46769,1.46792,2.25,3.15
2013.02.06 06:26:55.108,1.46771,1.46794,2.25,1.88
2013.02.06 06:26:55.166,1.46773,1.46795,1.13,1.50
2013.02.06 06:26:55.526,1.46776,1.46797,1.58,1.50
2013.02.06 06:26:55.836,1.46781,1.46806,2.33,1.50
2013.02.06 06:26:56.477,1.46785,1.46809,1.13,1.50
2013.02.06 06:26:57.496,1.46785,1.46808,1.88,1.50
2013.02.06 06:27:11.046,1.46787,1.46808,1.13,1.50
2013.02.06 06:27:24.775,1.46788,1.46808,1.13,1.50
2013.02.06 06:27:31.336,1.46787,1.46808,1.50,2.25
2013.02.06 06:27:31.637,1.46775,1.46796,1.13,1.50
2013.02.06 06:27:32.110,1.46772,1.46796,3.83,1.50
2013.02.06 06:27:32.176,1.46772,1.46793,3.38,1.50
2013.02.06 06:27:32.945,1.46772,1.46793,2.63,1.50
2013.02.06 06:27:37.445,1.46772,1.46794,2.63,1.50
2013.02.06 06:27:44.135,1.46771,1.46794,1.13,2.25
2013.02.06 06:27:44.256,1.46768,1.4679,2.25,1.50
2013.02.06 06:27:44.316,1.46768,1.4679,1.50,2.25
2013.02.06 06:27:44.376,1.46768,1.46789,1.50,1.50
2013.02.06 06:27:44.735,1.46765,1.46786,1.20,1.50
2013.02.06 06:27:45.036,1.46763,1.46786,2.63,1.88
2013.02.06 06:27:50.927,1.46763,1.46783,1.50,1.50
2013.02.06 06:27:50.987,1.46762,1.46783,2.33,1.50
2013.02.06 06:27:51.056,1.46763,1.46783,1.20,1.50
2013.02.06 06:27:51.295,1.46765,1.46783,1.88,1.50
2013.02.06 06:27:51.536,1.46766,1.46789,2.25,1.50
2013.02.06 06:27:51.597,1.46768,1.4679,1.13,1.50
2013.02.06 06:27:52.136,1.46773,1.46791,1.50,1.50
2013.02.06 06:27:53.086,1.46773,1.46794,1.50,1.50
2013.02.06 06:27:54.440,1.46771,1.46794,1.13,1.50
2013.02.06 06:27:55.225,1.46771,1.46794,1.13,1.50
2013.02.06 06:27:55.435,1.46771,1.4679,1.13,1.50
2013.02.06 06:27:57.485,1.4677,1.46789,2.63,1.50
2013.02.06 06:27:58.137,1.46772,1.46794,1.13,1.50
2013.02.06 06:28:01.756,1.46772,1.46793,1.13,1.50
2013.02.06 06:28:02.825,1.46772,1.46791,1.13,1.50
2013.02.06 06:28:04.897,1.46769,1.46791,1.88,2.25
2013.02.06 06:28:05.080,1.46767,1.4679,1.50,1.50
2013.02.06 06:28:05.386,1.46766,1.46787,1.13,1.50
2013.02.06 06:28:06.162,1.4676,1.46778,1.13,1.50
2013.02.06 06:28:06.253,1.46752,1.46773,2.25,2.25
2013.02.06 06:28:10.696,1.46756,1.46775,1.13,1.50
2013.02.06 06:28:14.676,1.46756,1.46775,1.13,1.50
2013.02.06 06:28:14.856,1.46751,1.46772,4.13,1.20
2013.02.06 06:28:14.932,1.46752,1.46772,1.13,1.20
2013.02.06 06:28:15.295,1.46752,1.46772,1.13,1.50
2013.02.06 06:28:15.476,1.46751,1.46769,1.88,1.50
2013.02.06 06:28:15.836,1.46752,1.46771,1.13,1.50
2013.02.06 06:28:18.445,1.46752,1.46772,1.13,2.25
2013.02.06 06:28:24.535,1.46752,1.4677,1.13,1.50
2013.02.06 06:28:24.805,1.46752,1.4677,1.13,1.50
2013.02.06 06:28:26.456,1.46752,1.46772,1.13,1.88
2013.02.06 06:28:29.116,1.46751,1.46772,1.88,1.88
2013.02.06 06:28:29.606,1.46751,1.46772,1.13,1.50
2013.02.06 06:28:30.966,1.46751,1.46768,1.13,1.50
2013.02.06 06:28:36.236,1.46751,1.46771,1.88,1.50
2013.02.06 06:28:36.775,1.46754,1.46774,1.13,1.50
2013.02.06 06:28:40.367,1.46752,1.46771,1.50,1.13
2013.02.06 06:28:40.546,1.46751,1.4677,1.50,2.70
2013.02.06 06:28:41.498,1.4675,1.46768,1.13,1.50
2013.02.06 06:28:42.779,1.46749,1.46768,1.13,1.50
2013.02.06 06:28:46.548,1.4675,1.4677,1.13,1.50
2013.02.06 06:28:46.978,1.46748,1.46768,2.63,1.50
2013.02.06 06:28:48.606,1.46747,1.46767,1.50,1.13
2013.02.06 06:28:49.145,1.46747,1.46768,1.13,1.50
2013.02.06 06:28:51.825,1.46747,1.46771,1.13,2.25
2013.02.06 06:28:52.006,1.46752,1.46773,1.88,1.13
2013.02.06 06:28:52.307,1.46752,1.46774,3.38,1.50
2013.02.06 06:28:52.426,1.46759,1.46781,2.25,2.25
2013.02.06 06:28:52.486,1.4676,1.46784,2.25,2.63
2013.02.06 06:28:52.667,1.46762,1.46784,3.38,1.50
2013.02.06 06:28:52.916,1.46766,1.46789,1.88,2.70
2013.02.06 06:28:53.366,1.46767,1.46792,2.25,1.58
2013.02.06 06:28:56.566,1.46766,1.46787,1.50,1.13
2013.02.06 06:28:56.627,1.46766,1.46787,1.50,1.13
2013.02.06 06:28:56.926,1.46763,1.46787,1.13,1.88
2013.02.06 06:29:00.527,1.46764,1.46786,2.25,1.50
2013.02.06 06:29:02.333,1.46768,1.46787,1.50,1.50
2013.02.06 06:29:02.576,1.46768,1.46787,1.50,1.13
2013.02.06 06:29:02.637,1.46772,1.46787,1.50,1.13
2013.02.06 06:29:03.217,1.46767,1.46787,1.50,1.13
2013.02.06 06:29:03.277,1.46767,1.46786,2.25,1.20
2013.02.06 06:29:03.337,1.46767,1.46786,1.50,1.20
2013.02.06 06:29:03.576,1.46764,1.46786,3.75,1.20
2013.02.06 06:29:04.741,1.46767,1.46786,1.50,1.20
2013.02.06 06:29:05.506,1.46765,1.46786,2.25,1.20
2013.02.06 06:29:06.956,1.46764,1.46785,1.50,1.50
2013.02.06 06:29:10.489,1.46766,1.46785,1.50,1.50
2013.02.06 06:29:10.682,1.46764,1.46785,3.00,1.50
2013.02.06 06:29:13.838,1.46762,1.46783,1.50,1.20
2013.02.06 06:29:14.396,1.46761,1.46784,2.25,1.50
2013.02.06 06:29:16.276,1.46765,1.46785,1.50,1.50
2013.02.06 06:29:16.517,1.46765,1.46785,1.50,1.50
2013.02.06 06:29:17.026,1.46762,1.46784,3.00,2.25
2013.02.06 06:29:17.085,1.46762,1.46783,2.25,1.20
2013.02.06 06:29:17.206,1.46762,1.46782,1.50,2.63
2013.02.06 06:29:17.326,1.46757,1.4678,1.95,1.50
2013.02.06 06:29:19.587,1.46757,1.46778,1.50,1.50
2013.02.06 06:29:21.918,1.4676,1.46778,1.50,1.50
2013.02.06 06:29:22.435,1.46761,1.46778,1.50,1.50
2013.02.06 06:29:23.204,1.46761,1.46778,1.50,1.50
2013.02.06 06:29:23.855,1.46758,1.46778,2.25,1.50
2013.02.06 06:29:27.993,1.46758,1.46778,2.25,1.50
2013.02.06 06:29:29.947,1.46757,1.46772,2.25,1.88
2013.02.06 06:29:30.126,1.46751,1.46772,1.50,2.70
2013.02.06 06:29:30.246,1.46747,1.46768,2.25,1.13
2013.02.06 06:29:30.306,1.46747,1.46768,1.50,1.88
2013.02.06 06:29:30.366,1.46747,1.46768,3.00,1.50
2013.02.06 06:29:30.676,1.4675,1.46768,3.00,1.50
2013.02.06 06:29:31.035,1.46759,1.46776,1.50,1.50
2013.02.06 06:29:31.156,1.4676,1.46776,1.20,1.50
2013.02.06 06:29:31.758,1.4676,1.46778,1.88,1.13
2013.02.06 06:29:31.826,1.46764,1.46783,1.43,1.50
2013.02.06 06:29:32.127,1.46771,1.46779,1.28,1.50
2013.02.06 06:29:32.703,1.46775,1.46788,2.55,2.25
2013.02.06 06:29:33.246,1.46775,1.46789,2.55,1.50
2013.02.06 06:29:34.136,1.46774,1.46789,1.05,1.50
2013.02.06 06:29:34.196,1.46771,1.46792,2.03,1.88
2013.02.06 06:29:34.256,1.46774,1.46791,1.50,1.32
2013.02.06 06:29:34.617,1.46767,1.46789,3.15,1.50
2013.02.06 06:29:34.977,1.46778,1.46792,1.50,1.50
2013.02.06 06:29:35.038,1.46781,1.46792,1.50,1.50
2013.02.06 06:29:35.275,1.46781,1.46798,1.50,1.50
2013.02.06 06:29:35.399,1.4678,1.468,1.50,1.50
2013.02.06 06:29:35.476,1.46779,1.46798,1.50,1.20
2013.02.06 06:29:35.655,1.46775,1.46796,1.50,1.20
2013.02.06 06:29:36.196,1.46774,1.46795,2.18,1.50
2013.02.06 06:29:38.168,1.46775,1.46795,1.50,1.88
2013.02.06 06:29:38.770,1.46763,1.46784,1.50,1.13
2013.02.06 06:29:38.847,1.4676,1.46784,1.88,1.58
2013.02.06 06:29:38.967,1.46757,1.46781,2.25,1.50
2013.02.06 06:29:39.087,1.46755,1.46781,2.63,1.50
2013.02.06 06:29:39.275,1.46757,1.46781,1.50,1.50
2013.02.06 06:29:39.856,1.46758,1.46781,2.25,1.50
2013.02.06 06:29:40.726,1.46758,1.46781,3.00,1.13
2013.02.06 06:29:40.786,1.46758,1.46781,3.00,1.50
2013.02.06 06:29:40.846,1.46758,1.46781,1.50,2.63
2013.02.06 06:29:40.906,1.46758,1.46779,1.50,1.13
2013.02.06 06:29:41.028,1.46756,1.46778,2.25,1.13
2013.02.06 06:29:41.476,1.46753,1.46776,2.25,1.50
2013.02.06 06:29:41.896,1.46748,1.46771,4.20,1.50
2013.02.06 06:29:42.446,1.46751,1.46775,1.50,1.92
2013.02.06 06:29:43.016,1.46751,1.46775,3.75,1.92
2013.02.06 06:29:43.136,1.46751,1.46778,3.75,1.77
2013.02.06 06:29:44.875,1.46754,1.46778,1.13,1.50
2013.02.06 06:29:45.646,1.46754,1.46773,1.13,1.88
2013.02.06 06:29:45.767,1.46751,1.46773,1.50,1.88
2013.02.06 06:29:45.890,1.46749,1.46769,3.00,1.50
2013.02.06 06:29:46.391,1.46749,1.46772,3.00,1.13
2013.02.06 06:29:47.297,1.46749,1.46774,3.00,1.50
2013.02.06 06:29:47.736,1.46752,1.46774,1.50,1.20
2013.02.06 06:29:48.296,1.4675,1.46774,1.50,1.95
2013.02.06 06:29:51.397,1.46752,1.46774,1.13,1.95
2013.02.06 06:29:51.757,1.46758,1.46778,2.63,1.50
2013.02.06 06:29:52.104,1.46761,1.46781,1.13,1.50
2013.02.06 06:29:52.166,1.46761,1.46783,1.88,1.13
2013.02.06 06:29:52.706,1.46761,1.46784,1.50,1.20
2013.02.06 06:29:52.766,1.46761,1.46783,1.50,1.20
2013.02.06 06:29:54.734,1.46761,1.46784,3.00,1.20
2013.02.06 06:29:54.800,1.46761,1.46785,3.00,2.33
2013.02.06 06:29:55.436,1.46764,1.46784,1.50,1.20
2013.02.06 06:29:56.032,1.46764,1.46784,1.50,1.20
2013.02.06 06:29:56.686,1.46764,1.46783,1.50,1.20
2013.02.06 06:30:00.187,1.46765,1.46784,1.50,1.95
2013.02.06 06:30:01.150,1.46767,1.46784,1.50,1.50
2013.02.06 06:30:01.277,1.46769,1.46784,1.50,1.50
2013.02.06 06:30:01.636,1.4678,1.46794,1.50,1.13
2013.02.06 06:30:01.696,1.4678,1.46796,1.50,1.50
2013.02.06 06:30:01.996,1.46783,1.468,1.50,1.88
2013.02.06 06:30:02.177,1.46783,1.468,1.50,1.13
2013.02.06 06:30:02.297,1.46788,1.46803,1.50,2.63
2013.02.06 06:30:02.416,1.4679,1.46807,1.50,2.25
2013.02.06 06:30:02.536,1.46789,1.46809,1.50,1.88
2013.02.06 06:30:02.896,1.46789,1.46809,2.25,1.88
2013.02.06 06:30:03.316,1.46789,1.46812,2.25,2.25
2013.02.06 06:30:03.556,1.46789,1.46812,2.44,2.25
2013.02.06 06:30:04.046,1.46789,1.46812,3.19,2.25
2013.02.06 06:30:04.407,1.46789,1.46811,3.00,1.13
2013.02.06 06:30:04.905,1.46789,1.46811,1.50,3.38
2013.02.06 06:30:06.486,1.46785,1.46807,1.28,1.13
2013.02.06 06:30:06.546,1.46785,1.46807,1.20,2.63
2013.02.06 06:30:07.261,1.46782,1.46801,2.25,1.50
2013.02.06 06:30:07.397,1.46777,1.46797,1.13,2.25
2013.02.06 06:30:07.456,1.46777,1.46791,1.13,1.50
2013.02.06 06:30:07.576,1.46771,1.46791,3.08,1.50
2013.02.06 06:30:08.996,1.4677,1.46791,1.50,2.25
2013.02.06 06:30:09.176,1.4677,1.46787,1.50,1.50
2013.02.06 06:30:11.778,1.46766,1.4679,1.50,1.50
