2015.08.05 03:00:01.275,1.93309,1.93328,1.00,1.37
2015.08.05 03:00:01.326,1.93309,1.93329,1.00,1.00
2015.08.05 03:00:01.377,1.93309,1.93331,1.00,1.00
2015.08.05 03:00:01.428,1.93312,1.93331,1.00,1.00
2015.08.05 03:00:01.978,1.93312,1.93332,1.00,1.00
2015.08.05 03:00:07.271,1.93311,1.93331,1.00,1.00
2015.08.05 03:00:10.353,1.93309,1.9333,1.00,1.00
2015.08.05 03:00:10.557,1.93308,1.93327,1.50,1.00
2015.08.05 03:00:11.065,1.93307,1.93326,1.00,1.50
2015.08.05 03:00:14.710,1.93305,1.93326,1.12,1.50
2015.08.05 03:00:15.068,1.93307,1.93326,1.00,1.50
2015.08.05 03:00:20.690,1.93307,1.93326,1.00,1.87
2015.08.05 03:00:21.000,1.93302,1.9332,1.00,3.00
2015.08.05 03:00:21.102,1.93298,1.93317,1.50,1.00
2015.08.05 03:00:21.407,1.93298,1.93319,1.00,1.50
2015.08.05 03:00:21.763,1.93302,1.93319,1.00,1.50
2015.08.05 03:00:26.070,1.93302,1.93319,1.00,1.50
2015.08.05 03:00:27.606,1.93302,1.9332,1.00,1.12
2015.08.05 03:00:27.708,1.93302,1.93322,1.00,1.00
2015.08.05 03:00:28.013,1.93305,1.93323,1.00,1.37
2015.08.05 03:00:28.899,1.93305,1.93324,1.00,1.87
2015.08.05 03:00:30.525,1.93304,1.93324,1.00,1.87
2015.08.05 03:00:31.102,1.93305,1.93324,1.00,1.87
2015.08.05 03:00:32.111,1.9331,1.93324,1.00,1.50
2015.08.05 03:00:32.711,1.93309,1.93324,1.00,1.50
2015.08.05 03:00:33.213,1.9331,1.93324,1.00,1.50
2015.08.05 03:00:33.756,1.93309,1.93324,1.00,1.50
2015.08.05 03:00:33.959,1.93307,1.93324,1.00,1.50
2015.08.05 03:00:34.715,1.93308,1.93324,1.00,1.50
2015.08.05 03:00:35.554,1.93307,1.93324,1.00,1.87
2015.08.05 03:00:36.163,1.93308,1.93324,1.00,1.87
2015.08.05 03:00:36.793,1.93307,1.93324,1.00,1.50
2015.08.05 03:00:37.423,1.93308,1.93324,1.00,1.50
2015.08.05 03:00:40.229,1.93307,1.93324,1.00,1.50
2015.08.05 03:00:40.930,1.93308,1.93324,1.00,1.87
2015.08.05 03:00:41.741,1.93307,1.93324,1.00,1.87
2015.08.05 03:00:42.247,1.93308,1.93324,1.00,1.87
2015.08.05 03:00:42.842,1.93307,1.93324,1.00,1.87
2015.08.05 03:00:43.426,1.93308,1.93324,1.00,1.87
2015.08.05 03:00:44.038,1.93307,1.93324,1.00,1.87
2015.08.05 03:00:44.628,1.93307,1.93319,1.00,1.00
2015.08.05 03:00:45.135,1.93307,1.93318,1.00,1.00
2015.08.05 03:00:45.287,1.93304,1.93317,1.00,1.00
2015.08.05 03:00:45.627,1.93305,1.93315,1.00,1.00
2015.08.05 03:00:46.246,1.93304,1.93315,1.00,1.00
2015.08.05 03:00:46.865,1.93305,1.93315,1.00,1.00
2015.08.05 03:00:48.350,1.93304,1.93315,1.00,1.00
2015.08.05 03:00:49.757,1.93305,1.93316,1.00,1.00
2015.08.05 03:00:49.946,1.93297,1.93316,1.00,1.00
2015.08.05 03:00:50.459,1.93297,1.93317,1.00,2.25
2015.08.05 03:00:54.129,1.93297,1.93315,1.50,1.00
2015.08.05 03:00:54.430,1.93293,1.93308,1.00,1.00
2015.08.05 03:00:54.940,1.93292,1.93308,1.00,1.50
2015.08.05 03:00:55.974,1.93293,1.93308,1.00,1.00
2015.08.05 03:00:58.353,1.93293,1.93308,1.00,1.37
2015.08.05 03:00:58.607,1.93288,1.93308,1.00,2.62
2015.08.05 03:00:59.063,1.93285,1.93306,1.00,1.00
2015.08.05 03:00:59.114,1.93283,1.93305,1.87,1.00
2015.08.05 03:00:59.215,1.93283,1.93303,1.87,1.00
2015.08.05 03:00:59.737,1.93283,1.93303,1.50,1.47
2015.08.05 03:01:00.244,1.93283,1.93299,1.00,1.00
2015.08.05 03:01:00.954,1.93287,1.93299,1.00,1.00
2015.08.05 03:01:01.006,1.93287,1.93304,1.00,1.20
2015.08.05 03:01:01.107,1.93287,1.93305,1.00,1.50
2015.08.05 03:01:01.277,1.93285,1.93305,1.12,1.50
2015.08.05 03:01:01.328,1.93285,1.93305,1.37,1.50
2015.08.05 03:01:01.531,1.93288,1.93307,1.00,1.12
2015.08.05 03:01:02.138,1.93288,1.93309,1.37,1.87
2015.08.05 03:01:02.645,1.93288,1.93307,1.37,1.00
2015.08.05 03:01:02.961,1.93289,1.93311,1.12,1.87
2015.08.05 03:01:03.164,1.93288,1.93308,1.00,1.00
2015.08.05 03:01:03.368,1.9329,1.93311,1.00,1.87
2015.08.05 03:01:03.520,1.93288,1.93308,1.00,1.00
2015.08.05 03:01:03.875,1.9329,1.93311,1.00,1.87
2015.08.05 03:01:04.381,1.9329,1.93311,2.62,1.87
2015.08.05 03:01:04.583,1.9329,1.93311,1.00,1.87
2015.08.05 03:01:05.089,1.9329,1.9331,1.00,1.00
2015.08.05 03:01:05.595,1.93291,1.9331,1.00,1.00
2015.08.05 03:01:05.647,1.93289,1.9331,1.00,1.00
2015.08.05 03:01:06.154,1.9329,1.93311,1.00,1.50
2015.08.05 03:01:06.369,1.93292,1.93312,1.00,1.00
2015.08.05 03:01:06.875,1.93291,1.93311,1.50,1.00
2015.08.05 03:01:07.382,1.9329,1.9331,1.00,1.00
2015.08.05 03:01:07.907,1.93291,1.9331,1.00,1.00
2015.08.05 03:01:08.414,1.93291,1.93311,1.00,1.00
2015.08.05 03:01:10.513,1.93292,1.93312,1.37,1.00
2015.08.05 03:01:11.931,1.93293,1.93313,1.37,1.00
2015.08.05 03:01:13.446,1.93293,1.93313,1.37,1.00
2015.08.05 03:01:13.753,1.93298,1.93315,1.37,1.00
2015.08.05 03:01:14.287,1.93298,1.93316,1.37,1.12
2015.08.05 03:01:18.007,1.93299,1.93319,1.12,1.87
2015.08.05 03:01:18.311,1.93299,1.93322,1.87,1.50
2015.08.05 03:01:19.355,1.93299,1.93322,1.87,1.87
2015.08.05 03:01:19.406,1.93299,1.93317,1.37,1.00
2015.08.05 03:01:19.457,1.93299,1.93317,1.12,1.00
2015.08.05 03:01:19.793,1.933,1.93321,1.12,1.00
2015.08.05 03:01:20.299,1.933,1.93322,1.12,1.87
2015.08.05 03:01:20.502,1.933,1.93322,1.37,1.87
2015.08.05 03:01:20.806,1.93302,1.93322,1.37,1.37
2015.08.05 03:01:21.418,1.93304,1.93322,1.12,1.00
2015.08.05 03:01:21.694,1.93302,1.93322,1.00,1.00
2015.08.05 03:01:21.745,1.93301,1.9332,1.00,1.00
2015.08.05 03:01:21.847,1.93299,1.9332,1.00,1.00
2015.08.05 03:01:22.102,1.93296,1.93319,1.37,1.87
2015.08.05 03:01:22.306,1.93295,1.93317,1.87,1.00
2015.08.05 03:01:22.816,1.93295,1.93316,1.37,1.00
2015.08.05 03:01:22.974,1.93295,1.93316,1.12,1.00
2015.08.05 03:01:23.637,1.93299,1.93316,1.00,1.00
2015.08.05 03:01:24.167,1.93298,1.93316,1.00,1.00
2015.08.05 03:01:24.736,1.93299,1.93316,1.00,1.00
2015.08.05 03:01:25.538,1.93298,1.93316,1.00,1.00
2015.08.05 03:01:26.064,1.93299,1.93316,1.00,1.00
2015.08.05 03:01:26.640,1.93298,1.93316,1.00,1.00
2015.08.05 03:01:27.931,1.93299,1.93316,1.00,1.00
2015.08.05 03:01:29.042,1.93298,1.93316,1.00,1.00
2015.08.05 03:01:29.546,1.93299,1.93316,1.00,1.00
2015.08.05 03:01:31.558,1.93298,1.93316,1.00,1.87
2015.08.05 03:01:32.354,1.93299,1.93316,1.00,1.87
2015.08.05 03:01:32.856,1.93298,1.93316,1.00,1.87
2015.08.05 03:01:33.457,1.93299,1.93316,1.00,1.87
2015.08.05 03:01:34.474,1.93298,1.93316,1.00,1.87
2015.08.05 03:01:35.164,1.93299,1.93316,1.00,1.87
2015.08.05 03:01:36.966,1.93298,1.93316,1.00,1.87
2015.08.05 03:01:37.472,1.93299,1.93316,1.00,1.87
2015.08.05 03:01:38.279,1.93298,1.93316,1.00,1.87
2015.08.05 03:01:38.782,1.93299,1.93316,1.00,1.87
2015.08.05 03:01:40.593,1.93298,1.93316,1.00,1.87
2015.08.05 03:01:41.184,1.93299,1.93316,1.00,1.50
2015.08.05 03:01:41.771,1.93298,1.93316,1.00,1.50
2015.08.05 03:01:42.609,1.93299,1.93316,1.00,1.00
2015.08.05 03:01:43.530,1.93298,1.93316,1.00,1.00
2015.08.05 03:01:44.063,1.93299,1.93316,1.00,1.12
2015.08.05 03:01:44.565,1.93298,1.93316,1.00,1.12
2015.08.05 03:01:45.107,1.93299,1.93316,1.00,1.12
2015.08.05 03:01:45.434,1.93302,1.93316,1.12,1.00
2015.08.05 03:01:45.536,1.93302,1.93318,1.12,1.00
2015.08.05 03:01:45.638,1.93306,1.93324,1.00,1.87
2015.08.05 03:01:45.689,1.93306,1.93324,1.00,1.50
2015.08.05 03:01:45.993,1.93307,1.93327,1.00,1.87
2015.08.05 03:01:46.803,1.93306,1.93327,1.50,1.50
2015.08.05 03:01:47.325,1.93307,1.93327,1.00,1.00
2015.08.05 03:01:47.826,1.93306,1.93327,1.50,1.00
2015.08.05 03:01:48.376,1.93307,1.93327,1.00,1.00
2015.08.05 03:01:49.936,1.93306,1.93327,1.50,1.00
2015.08.05 03:01:50.495,1.93307,1.93327,1.00,1.00
2015.08.05 03:01:51.042,1.93306,1.93324,1.12,1.00
2015.08.05 03:01:51.195,1.93308,1.93327,1.00,1.00
2015.08.05 03:01:51.297,1.93311,1.93328,1.00,1.12
2015.08.05 03:01:51.450,1.93311,1.9333,1.00,1.12
2015.08.05 03:01:51.501,1.93307,1.93327,3.37,1.00
2015.08.05 03:01:51.840,1.93313,1.9333,1.00,1.50
2015.08.05 03:01:52.347,1.93313,1.93332,1.00,1.37
2015.08.05 03:01:52.944,1.93313,1.93332,1.00,1.00
2015.08.05 03:01:53.502,1.93313,1.93334,1.87,1.12
2015.08.05 03:01:53.807,1.93316,1.93335,1.00,1.37
2015.08.05 03:01:54.346,1.93316,1.93335,1.00,1.00
2015.08.05 03:01:54.852,1.93315,1.93335,1.00,1.00
2015.08.05 03:01:58.301,1.93315,1.93334,1.00,1.00
2015.08.05 03:01:58.544,1.9331,1.93331,1.00,1.00
2015.08.05 03:01:58.799,1.93308,1.9333,2.25,1.00
2015.08.05 03:02:01.068,1.93309,1.93331,1.00,1.50
2015.08.05 03:02:01.786,1.93309,1.93331,1.37,1.50
2015.08.05 03:02:02.859,1.93313,1.93331,1.00,1.50
2015.08.05 03:02:03.062,1.93308,1.9333,2.25,1.00
2015.08.05 03:02:03.521,1.93313,1.9333,1.00,1.00
2015.08.05 03:02:03.775,1.93312,1.93335,1.37,1.50
2015.08.05 03:02:04.283,1.93313,1.93336,1.37,2.62
2015.08.05 03:02:04.828,1.93313,1.93336,1.37,1.50
2015.08.05 03:02:06.348,1.93313,1.93334,1.00,1.00
2015.08.05 03:02:06.692,1.93312,1.93334,1.00,1.37
2015.08.05 03:02:06.997,1.93312,1.9333,1.00,1.00
2015.08.05 03:02:15.161,1.93312,1.93332,1.00,1.87
2015.08.05 03:02:21.129,1.93308,1.93331,2.25,1.12
2015.08.05 03:02:21.730,1.93309,1.93331,1.00,1.87
2015.08.05 03:02:26.750,1.93309,1.93331,1.00,1.87
2015.08.05 03:02:29.546,1.9331,1.93331,1.00,1.50
2015.08.05 03:02:30.583,1.9331,1.93331,1.00,1.50
2015.08.05 03:02:35.468,1.93308,1.93329,1.50,2.25
2015.08.05 03:02:35.519,1.93308,1.93329,1.87,2.25
2015.08.05 03:02:35.825,1.93304,1.93327,1.87,1.00
2015.08.05 03:02:35.876,1.93304,1.93327,1.00,1.37
2015.08.05 03:02:36.379,1.93303,1.93323,1.00,1.12
2015.08.05 03:02:48.751,1.93303,1.93322,1.00,1.00
2015.08.05 03:03:00.480,1.93303,1.93323,1.00,1.00
2015.08.05 03:03:06.874,1.93301,1.93323,1.00,1.00
2015.08.05 03:03:08.566,1.93301,1.93324,1.00,1.87
2015.08.05 03:03:09.134,1.93302,1.93324,1.12,1.50
2015.08.05 03:03:11.430,1.93302,1.93324,1.87,2.25
2015.08.05 03:03:12.545,1.93302,1.93324,1.50,2.25
2015.08.05 03:03:13.137,1.93302,1.93324,1.87,2.25
2015.08.05 03:03:14.269,1.93302,1.93324,1.50,2.62
2015.08.05 03:03:14.800,1.93302,1.93324,1.00,1.37
2015.08.05 03:03:16.539,1.93302,1.93324,1.12,1.00
2015.08.05 03:03:16.641,1.93302,1.93324,1.37,1.12
2015.08.05 03:03:16.945,1.93301,1.93322,1.37,1.00
2015.08.05 03:03:17.721,1.93301,1.93324,1.37,1.12
2015.08.05 03:03:18.228,1.93305,1.93325,1.12,1.00
2015.08.05 03:03:18.955,1.93305,1.93325,1.37,1.00
2015.08.05 03:03:19.537,1.93305,1.93326,1.37,1.00
2015.08.05 03:03:23.113,1.93305,1.93325,1.37,1.00
2015.08.05 03:03:24.923,1.93305,1.93325,1.00,1.00
2015.08.05 03:03:25.573,1.93305,1.93324,1.00,1.00
2015.08.05 03:03:27.245,1.93305,1.93322,1.00,1.00
2015.08.05 03:03:27.397,1.93302,1.93322,1.00,1.12
2015.08.05 03:03:27.930,1.933,1.9332,1.12,1.00
2015.08.05 03:03:28.437,1.93298,1.93319,1.87,1.00
2015.08.05 03:03:29.195,1.93298,1.93319,1.87,1.00
2015.08.05 03:03:30.857,1.93299,1.9332,1.37,1.00
2015.08.05 03:03:31.708,1.93298,1.93322,1.87,2.62
2015.08.05 03:03:31.912,1.933,1.93322,1.37,1.50
2015.08.05 03:03:32.216,1.93302,1.9332,1.37,1.00
2015.08.05 03:03:32.837,1.93302,1.9332,1.12,1.00
2015.08.05 03:03:33.569,1.93302,1.93322,1.87,1.00
2015.08.05 03:03:33.941,1.93303,1.93322,1.37,1.00
2015.08.05 03:03:34.143,1.93303,1.93322,1.12,1.00
2015.08.05 03:03:35.434,1.93303,1.93322,1.87,1.00
2015.08.05 03:03:35.975,1.93304,1.93322,1.87,1.00
2015.08.05 03:03:41.148,1.93306,1.93325,1.37,1.00
2015.08.05 03:03:41.200,1.93307,1.93327,1.37,1.00
2015.08.05 03:03:41.620,1.93307,1.93327,1.87,1.00
2015.08.05 03:03:44.336,1.9331,1.93327,1.00,1.00
2015.08.05 03:03:45.500,1.93307,1.93327,1.00,1.00
2015.08.05 03:03:46.007,1.93308,1.93327,1.00,1.00
2015.08.05 03:03:50.675,1.93307,1.93327,1.50,1.00
2015.08.05 03:03:56.367,1.93308,1.93327,1.00,1.00
2015.08.05 03:04:03.516,1.93307,1.93327,1.00,1.00
2015.08.05 03:04:15.186,1.93308,1.93327,1.00,1.00
2015.08.05 03:04:20.695,1.93309,1.93327,1.00,1.00
2015.08.05 03:04:30.047,1.93309,1.93327,1.37,1.00
2015.08.05 03:04:30.214,1.93309,1.93329,1.87,1.00
2015.08.05 03:04:34.972,1.93309,1.93329,1.50,1.00
2015.08.05 03:04:36.107,1.9331,1.93329,1.00,1.00
2015.08.05 03:04:36.990,1.93311,1.93329,1.37,1.00
2015.08.05 03:04:37.594,1.93311,1.93329,1.00,1.00
2015.08.05 03:04:40.546,1.93309,1.93329,2.25,1.00
2015.08.05 03:04:46.408,1.93311,1.93329,1.00,1.00
2015.08.05 03:04:49.569,1.93313,1.93329,1.00,1.00
2015.08.05 03:04:56.316,1.93311,1.93329,1.00,1.00
2015.08.05 03:05:04.393,1.93312,1.93329,1.00,1.00
2015.08.05 03:05:04.903,1.93313,1.93329,1.00,1.00
2015.08.05 03:05:05.007,1.93313,1.93332,1.00,1.00
2015.08.05 03:05:05.538,1.93312,1.93332,2.62,1.00
2015.08.05 03:05:06.045,1.93313,1.93332,1.00,1.00
2015.08.05 03:05:06.552,1.93312,1.93332,1.87,1.00
2015.08.05 03:05:18.666,1.93312,1.9333,1.00,1.00
2015.08.05 03:05:19.021,1.93312,1.93328,1.00,1.00
2015.08.05 03:05:19.123,1.93309,1.93328,1.00,1.00
2015.08.05 03:05:19.644,1.93309,1.93329,1.00,1.00
2015.08.05 03:05:25.255,1.93309,1.93327,1.00,1.00
2015.08.05 03:05:25.661,1.93307,1.93327,1.00,1.00
2015.08.05 03:05:26.168,1.93307,1.93329,1.00,1.87
2015.08.05 03:05:29.468,1.93307,1.93329,2.62,1.12
2015.08.05 03:05:51.664,1.93307,1.93329,1.50,3.00
2015.08.05 03:05:53.200,1.93307,1.93329,1.50,3.00
2015.08.05 03:05:55.359,1.93307,1.93329,1.87,1.50
2015.08.05 03:05:55.931,1.93309,1.93329,1.00,1.00
2015.08.05 03:06:00.933,1.93308,1.93329,1.50,1.00
2015.08.05 03:06:03.653,1.93312,1.93329,1.00,1.00
2015.08.05 03:06:03.705,1.93312,1.93331,1.00,1.00
2015.08.05 03:06:05.177,1.93311,1.93331,1.00,1.50
2015.08.05 03:06:05.481,1.93309,1.9333,1.50,1.12
2015.08.05 03:06:05.633,1.93309,1.9333,1.00,1.50
2015.08.05 03:06:06.212,1.93308,1.9333,1.50,3.00
2015.08.05 03:06:08.385,1.93308,1.93328,1.50,1.87
2015.08.05 03:06:08.603,1.93302,1.93322,1.00,2.62
2015.08.05 03:06:08.757,1.93298,1.93317,1.50,1.00
2015.08.05 03:06:11.265,1.93297,1.93317,2.25,1.12
2015.08.05 03:06:11.367,1.93297,1.93315,2.25,1.00
2015.08.05 03:06:11.916,1.93297,1.93315,1.00,1.12
2015.08.05 03:06:12.423,1.93297,1.93315,1.00,1.00
2015.08.05 03:06:12.764,1.93295,1.93315,1.00,1.00
2015.08.05 03:06:13.311,1.93296,1.93315,1.50,1.00
2015.08.05 03:06:13.413,1.93298,1.93315,1.00,1.00
2015.08.05 03:06:13.920,1.93299,1.93315,1.00,1.00
2015.08.05 03:06:14.022,1.93299,1.93318,1.00,1.12
2015.08.05 03:06:14.630,1.93298,1.93318,1.00,1.50
2015.08.05 03:06:15.139,1.93298,1.93318,1.00,1.57
2015.08.05 03:06:15.683,1.93299,1.93318,1.00,1.00
2015.08.05 03:06:19.241,1.93299,1.93319,1.00,1.00
2015.08.05 03:06:26.475,1.93298,1.9332,1.50,1.50
2015.08.05 03:06:28.285,1.93298,1.9332,1.50,1.57
2015.08.05 03:06:30.100,1.93298,1.93316,1.00,1.00
2015.08.05 03:06:30.407,1.93295,1.93311,1.00,1.00
2015.08.05 03:06:30.773,1.93294,1.93313,1.00,1.50
2015.08.05 03:06:31.385,1.93295,1.93313,1.00,1.50
2015.08.05 03:06:31.894,1.93294,1.93313,1.00,1.00
2015.08.05 03:06:33.211,1.93295,1.93313,1.00,1.00
2015.08.05 03:06:34.333,1.93294,1.93313,1.00,3.00
2015.08.05 03:06:34.972,1.93295,1.93313,1.00,3.00
2015.08.05 03:06:35.508,1.93294,1.93313,1.00,3.00
2015.08.05 03:06:35.609,1.93292,1.93313,1.87,2.25
2015.08.05 03:06:36.238,1.93293,1.93313,1.00,1.50
2015.08.05 03:06:36.740,1.93295,1.93313,1.00,1.50
2015.08.05 03:06:37.289,1.93294,1.93313,1.00,1.50
2015.08.05 03:06:38.344,1.93295,1.93313,1.00,1.50
2015.08.05 03:06:38.845,1.93294,1.93313,1.00,1.50
2015.08.05 03:06:39.363,1.93293,1.93313,1.50,1.50
2015.08.05 03:06:41.090,1.93293,1.93307,1.00,1.00
2015.08.05 03:06:41.192,1.9329,1.93307,1.00,1.00
2015.08.05 03:06:41.431,1.9329,1.93309,1.50,1.00
2015.08.05 03:06:41.635,1.93293,1.9331,1.50,1.00
2015.08.05 03:06:41.737,1.93291,1.9331,1.50,1.00
2015.08.05 03:06:42.258,1.93292,1.9331,1.00,1.00
2015.08.05 03:06:44.974,1.93291,1.9331,1.87,1.00
2015.08.05 03:06:45.522,1.93292,1.93311,1.00,1.00
2015.08.05 03:06:47.728,1.93295,1.93313,1.00,1.00
2015.08.05 03:06:47.830,1.93297,1.93316,1.00,1.00
2015.08.05 03:06:48.033,1.933,1.93319,1.00,1.00
2015.08.05 03:06:48.539,1.933,1.9332,1.50,1.00
2015.08.05 03:06:55.888,1.93301,1.9332,1.00,1.00
2015.08.05 03:06:55.939,1.93302,1.93323,1.00,1.00
2015.08.05 03:06:56.084,1.93306,1.93323,1.00,1.00
2015.08.05 03:06:56.593,1.93303,1.93323,1.50,1.00
2015.08.05 03:06:57.099,1.93304,1.93323,1.00,1.00
2015.08.05 03:06:58.317,1.93304,1.93323,1.00,1.37
2015.08.05 03:06:58.522,1.93302,1.93323,1.50,1.37
2015.08.05 03:06:58.777,1.93305,1.93323,1.00,1.50
2015.08.05 03:07:00.417,1.93303,1.93323,1.50,1.12
2015.08.05 03:07:00.967,1.93302,1.93323,1.50,1.87
2015.08.05 03:07:01.468,1.93303,1.93323,1.00,1.87
2015.08.05 03:07:02.045,1.93302,1.9332,1.50,1.00
2015.08.05 03:07:07.434,1.93303,1.9332,1.00,1.00
2015.08.05 03:07:08.336,1.93302,1.9332,1.00,1.00
2015.08.05 03:07:10.386,1.93304,1.9332,1.00,1.00
2015.08.05 03:07:10.487,1.93308,1.93328,1.50,1.00
2015.08.05 03:07:10.589,1.93308,1.9333,1.50,1.00
2015.08.05 03:07:10.640,1.93313,1.9333,1.00,1.00
2015.08.05 03:07:10.742,1.93313,1.93332,1.50,1.50
2015.08.05 03:07:11.209,1.9331,1.93331,1.00,1.87
2015.08.05 03:07:11.716,1.93309,1.93328,1.50,1.00
2015.08.05 03:07:15.056,1.93309,1.93327,1.00,1.00
2015.08.05 03:07:15.872,1.93309,1.93328,1.00,1.00
2015.08.05 03:07:16.763,1.93308,1.93328,1.87,1.00
2015.08.05 03:07:17.067,1.93305,1.93325,1.00,1.00
2015.08.05 03:07:17.399,1.93303,1.93323,1.00,1.50
2015.08.05 03:07:17.916,1.93304,1.93323,1.00,1.00
2015.08.05 03:07:18.516,1.93305,1.93323,1.00,1.00
2015.08.05 03:07:31.477,1.93304,1.93323,1.00,1.00
2015.08.05 03:07:35.964,1.93303,1.93323,3.00,1.00
2015.08.05 03:07:42.502,1.93307,1.93323,1.00,1.00
2015.08.05 03:07:42.987,1.93307,1.93326,1.00,1.00
2015.08.05 03:07:56.482,1.93306,1.93326,1.50,1.12
2015.08.05 03:08:01.818,1.93308,1.93326,1.00,1.12
2015.08.05 03:08:04.748,1.93308,1.93325,1.00,1.00
2015.08.05 03:08:05.787,1.93304,1.93325,1.00,1.00
2015.08.05 03:08:14.174,1.93305,1.93325,1.00,1.50
2015.08.05 03:08:14.327,1.93307,1.93325,1.00,1.00
2015.08.05 03:08:14.429,1.93307,1.93327,1.00,1.00
2015.08.05 03:08:14.951,1.93306,1.93327,1.00,1.12
2015.08.05 03:08:15.409,1.93306,1.93325,1.00,1.50
2015.08.05 03:08:15.713,1.93304,1.93325,1.12,2.62
2015.08.05 03:08:17.168,1.93303,1.93324,2.25,1.37
2015.08.05 03:08:22.446,1.93306,1.93323,1.00,1.00
2015.08.05 03:08:22.548,1.93306,1.93325,1.00,1.00
2015.08.05 03:08:25.419,1.93304,1.93325,1.50,1.00
2015.08.05 03:08:25.954,1.93303,1.93325,2.25,1.50
2015.08.05 03:08:32.465,1.93302,1.93325,1.50,2.25
2015.08.05 03:08:32.566,1.93302,1.93323,1.12,1.00
2015.08.05 03:08:32.908,1.93302,1.9332,1.00,1.00
2015.08.05 03:08:38.803,1.93303,1.9332,1.00,1.00
2015.08.05 03:08:38.956,1.93303,1.93322,1.00,1.00
2015.08.05 03:08:39.008,1.93303,1.93325,1.50,1.37
2015.08.05 03:08:39.532,1.93303,1.93325,1.50,1.00
2015.08.05 03:08:42.626,1.93305,1.93325,1.00,1.00
2015.08.05 03:08:53.742,1.93304,1.93325,1.12,1.50
2015.08.05 03:08:54.518,1.93303,1.93325,1.00,1.50
2015.08.05 03:08:54.835,1.93302,1.9332,1.87,1.00
2015.08.05 03:08:55.589,1.93303,1.9332,1.00,1.00
2015.08.05 03:08:56.124,1.93302,1.9332,1.12,1.00
2015.08.05 03:08:56.776,1.93302,1.93322,1.12,1.00
2015.08.05 03:08:56.877,1.93308,1.93323,1.00,1.00
2015.08.05 03:08:57.422,1.93308,1.93324,1.00,1.00
2015.08.05 03:08:57.574,1.93303,1.93324,1.50,1.00
2015.08.05 03:08:57.878,1.93308,1.93324,1.00,1.00
2015.08.05 03:08:59.343,1.93303,1.93324,1.00,1.00
2015.08.05 03:09:01.981,1.93308,1.93324,1.00,1.00
2015.08.05 03:09:05.360,1.93303,1.93324,1.00,1.12
2015.08.05 03:09:05.603,1.93307,1.93324,1.00,1.87
2015.08.05 03:09:05.817,1.93302,1.93324,1.50,1.87
2015.08.05 03:09:06.323,1.93303,1.93324,1.50,1.87
2015.08.05 03:09:12.536,1.93303,1.93324,1.50,2.62
2015.08.05 03:09:13.094,1.93303,1.93321,1.00,1.00
2015.08.05 03:09:19.725,1.93304,1.93321,1.00,1.00
2015.08.05 03:09:20.233,1.93305,1.93324,1.00,1.87
2015.08.05 03:09:20.775,1.93305,1.93325,1.50,1.00
2015.08.05 03:09:22.886,1.93307,1.93325,1.00,1.00
2015.08.05 03:09:27.998,1.93306,1.93325,1.00,1.00
2015.08.05 03:09:28.505,1.93305,1.93319,1.00,1.00
2015.08.05 03:09:28.607,1.933,1.93319,1.75,1.00
2015.08.05 03:09:29.152,1.93297,1.93318,1.75,1.50
2015.08.05 03:09:29.203,1.93297,1.93315,1.75,1.00
2015.08.05 03:09:29.305,1.93297,1.93314,1.00,1.00
2015.08.05 03:09:29.763,1.93295,1.93314,1.00,1.00
2015.08.05 03:09:38.588,1.93298,1.93314,1.00,1.50
2015.08.05 03:09:38.792,1.93295,1.93314,1.00,1.50
2015.08.05 03:09:39.046,1.93298,1.93314,1.00,1.00
2015.08.05 03:09:39.300,1.93298,1.93317,1.50,1.00
2015.08.05 03:09:42.507,1.93298,1.93316,1.00,1.00
2015.08.05 03:09:43.014,1.93298,1.93317,1.00,1.50
2015.08.05 03:09:45.535,1.93298,1.9332,2.62,1.00
2015.08.05 03:09:45.586,1.933,1.93323,1.00,2.25
2015.08.05 03:09:46.093,1.93301,1.93323,1.00,2.25
2015.08.05 03:09:46.898,1.933,1.93322,1.87,1.00
2015.08.05 03:09:49.572,1.933,1.93322,1.87,1.00
2015.08.05 03:09:50.108,1.93302,1.93323,1.00,2.25
2015.08.05 03:09:56.637,1.93303,1.93323,1.00,1.50
2015.08.05 03:10:02.508,1.93303,1.93324,1.00,2.25
2015.08.05 03:10:04.886,1.93303,1.93323,1.12,1.00
2015.08.05 03:10:12.030,1.93303,1.93324,1.50,1.50
2015.08.05 03:10:19.417,1.93303,1.93324,1.37,1.00
2015.08.05 03:10:20.722,1.93303,1.93322,1.37,1.00
2015.08.05 03:10:21.329,1.93303,1.93322,1.12,1.00
2015.08.05 03:10:21.824,1.933,1.9332,1.50,1.00
2015.08.05 03:10:22.268,1.93301,1.93322,1.37,1.50
2015.08.05 03:10:28.032,1.93303,1.93322,1.37,1.00
2015.08.05 03:10:30.683,1.93303,1.93322,1.37,1.00
2015.08.05 03:10:30.893,1.93303,1.93324,2.62,1.00
2015.08.05 03:10:31.501,1.93303,1.93324,1.50,1.87
2015.08.05 03:10:31.552,1.93303,1.93319,1.50,1.00
2015.08.05 03:10:32.884,1.93303,1.9332,1.00,1.00
2015.08.05 03:10:33.188,1.93303,1.93318,1.00,1.00
2015.08.05 03:10:33.239,1.93298,1.93318,1.87,1.00
2015.08.05 03:10:33.654,1.93298,1.93318,1.87,1.00
2015.08.05 03:10:35.570,1.93298,1.93318,1.87,1.00
2015.08.05 03:10:37.089,1.93298,1.93317,1.12,1.00
2015.08.05 03:10:38.876,1.93297,1.93317,1.50,1.00
2015.08.05 03:10:39.029,1.93297,1.93315,1.00,1.00
2015.08.05 03:10:41.279,1.93304,1.93315,1.00,1.00
2015.08.05 03:10:41.583,1.93308,1.93322,1.00,1.75
2015.08.05 03:10:41.634,1.93308,1.93322,1.00,1.00
2015.08.05 03:10:41.837,1.93306,1.93323,1.00,1.00
2015.08.05 03:10:42.618,1.93305,1.93323,1.00,1.00
2015.08.05 03:10:42.720,1.93305,1.93325,1.00,1.12
2015.08.05 03:10:43.227,1.93306,1.93325,1.00,1.00
2015.08.05 03:10:43.531,1.93309,1.93325,1.00,1.00
2015.08.05 03:10:43.936,1.93308,1.93329,1.00,1.12
2015.08.05 03:10:44.089,1.93308,1.93329,1.00,1.37
2015.08.05 03:10:47.113,1.93307,1.93327,1.50,1.00
2015.08.05 03:10:48.052,1.93309,1.93329,1.00,2.25
2015.08.05 03:10:48.659,1.93308,1.93329,1.00,2.25
2015.08.05 03:10:49.167,1.93308,1.93329,1.00,2.25
2015.08.05 03:10:49.471,1.9331,1.93329,1.00,1.50
2015.08.05 03:10:49.803,1.93308,1.93329,1.00,1.50
2015.08.05 03:10:50.326,1.93308,1.93327,1.00,1.50
2015.08.05 03:10:52.177,1.93308,1.93327,1.00,3.00
2015.08.05 03:10:52.583,1.93306,1.93326,1.00,1.12
2015.08.05 03:10:53.109,1.93306,1.93325,1.00,1.00
2015.08.05 03:10:55.287,1.93304,1.93324,1.00,1.00
2015.08.05 03:10:55.541,1.93303,1.93321,1.00,1.00
2015.08.05 03:10:57.323,1.93303,1.93322,1.00,1.00
2015.08.05 03:10:57.527,1.93303,1.93324,1.50,1.00
2015.08.05 03:11:00.936,1.93304,1.93324,1.00,1.00
2015.08.05 03:11:02.340,1.93305,1.93324,1.00,1.00
2015.08.05 03:11:02.391,1.93307,1.93325,1.00,1.12
2015.08.05 03:11:02.910,1.93308,1.93327,1.00,1.00
2015.08.05 03:11:03.268,1.93307,1.93321,1.00,1.50
2015.08.05 03:11:03.421,1.93309,1.93326,1.00,1.00
2015.08.05 03:11:03.625,1.9331,1.93329,1.00,2.25
2015.08.05 03:11:04.301,1.9331,1.93327,1.00,1.00
2015.08.05 03:11:04.843,1.9331,1.93328,1.00,1.00
2015.08.05 03:11:05.407,1.9331,1.93328,1.75,1.00
2015.08.05 03:11:11.309,1.93311,1.93329,1.50,1.00
2015.08.05 03:11:14.183,1.93311,1.93321,1.87,1.00
2015.08.05 03:11:14.437,1.93309,1.93328,1.75,1.50
2015.08.05 03:11:15.333,1.93309,1.93326,2.25,1.00
2015.08.05 03:11:16.098,1.9331,1.93325,1.75,1.00
2015.08.05 03:11:18.171,1.9331,1.93328,1.75,1.50
2015.08.05 03:11:18.274,1.9331,1.93328,1.50,1.50
2015.08.05 03:11:21.273,1.93308,1.93328,1.50,1.00
2015.08.05 03:11:22.846,1.93308,1.93326,1.50,1.00
2015.08.05 03:11:24.946,1.93309,1.93328,1.12,1.00
2015.08.05 03:11:25.623,1.93309,1.93327,1.12,1.00
2015.08.05 03:11:25.878,1.93311,1.93329,1.12,1.00
2015.08.05 03:11:26.081,1.93312,1.93332,1.00,1.00
2015.08.05 03:11:26.588,1.93313,1.93332,1.00,1.00
2015.08.05 03:11:27.103,1.93316,1.93333,1.00,1.50
2015.08.05 03:11:31.482,1.93317,1.93335,1.00,1.50
2015.08.05 03:11:31.685,1.93318,1.93337,1.12,1.00
2015.08.05 03:11:31.839,1.9332,1.9334,1.00,1.00
2015.08.05 03:11:32.099,1.93323,1.93341,1.00,1.00
2015.08.05 03:11:32.878,1.93322,1.93341,1.00,1.00
2015.08.05 03:11:33.183,1.93331,1.93346,1.00,1.12
2015.08.05 03:11:33.745,1.93331,1.93345,1.00,1.00
2015.08.05 03:11:34.887,1.93327,1.93345,2.25,1.00
2015.08.05 03:11:37.068,1.93327,1.93347,1.00,1.00
2015.08.05 03:11:37.119,1.93323,1.93347,1.50,1.00
2015.08.05 03:11:37.170,1.93325,1.93347,1.00,1.00
2015.08.05 03:11:37.475,1.93325,1.93345,1.00,1.00
2015.08.05 03:11:39.559,1.93323,1.93345,1.50,1.00
2015.08.05 03:11:39.763,1.93321,1.93343,1.87,1.00
2015.08.05 03:11:40.101,1.9332,1.93341,1.00,1.00
2015.08.05 03:11:40.569,1.93322,1.93341,1.00,1.00
2015.08.05 03:11:43.111,1.93322,1.93342,1.00,1.50
2015.08.05 03:11:44.112,1.9332,1.9334,1.87,1.00
2015.08.05 03:11:44.316,1.9332,1.93343,2.25,1.00
2015.08.05 03:11:44.822,1.93321,1.93342,1.00,1.00
2015.08.05 03:11:44.976,1.9332,1.9334,1.00,1.50
2015.08.05 03:11:45.302,1.93321,1.93338,1.00,1.00
2015.08.05 03:11:46.082,1.9332,1.93338,1.00,1.00
2015.08.05 03:11:46.685,1.93321,1.93338,1.00,1.00
2015.08.05 03:11:47.298,1.9332,1.93338,1.00,1.00
2015.08.05 03:11:47.851,1.93321,1.93338,1.00,1.00
2015.08.05 03:11:48.353,1.9332,1.93338,1.00,1.00
2015.08.05 03:11:49.004,1.93321,1.93338,1.00,1.00
2015.08.05 03:11:49.376,1.93323,1.93338,1.50,1.00
2015.08.05 03:11:49.427,1.93323,1.9334,1.50,1.50
2015.08.05 03:11:49.579,1.93327,1.9334,1.00,1.00
2015.08.05 03:11:49.682,1.93327,1.93348,1.00,1.12
2015.08.05 03:11:50.005,1.93329,1.93348,1.00,1.12
2015.08.05 03:11:50.624,1.93328,1.93348,1.50,1.00
2015.08.05 03:11:51.212,1.93329,1.93348,1.00,1.00
2015.08.05 03:11:52.014,1.93328,1.93348,1.50,1.00
2015.08.05 03:11:52.536,1.93329,1.93348,1.00,1.00
2015.08.05 03:11:53.123,1.93328,1.93348,1.50,1.00
2015.08.05 03:11:53.174,1.93328,1.9335,1.50,1.12
2015.08.05 03:11:53.225,1.93331,1.9335,1.00,1.12
2015.08.05 03:11:53.427,1.93328,1.9335,1.50,1.12
2015.08.05 03:11:53.731,1.93333,1.9335,1.00,1.12
2015.08.05 03:11:54.287,1.93332,1.93351,1.00,1.50
2015.08.05 03:11:54.910,1.93333,1.93351,1.00,1.50
2015.08.05 03:11:55.216,1.93328,1.9335,1.00,1.00
2015.08.05 03:11:55.766,1.93327,1.9335,1.00,1.00
2015.08.05 03:11:56.785,1.93327,1.93351,1.00,2.62
2015.08.05 03:11:57.190,1.9333,1.93351,1.00,1.50
2015.08.05 03:11:57.632,1.93328,1.9335,1.12,1.00
2015.08.05 03:11:58.137,1.93327,1.9335,1.12,1.00
2015.08.05 03:11:59.681,1.93327,1.93348,1.12,1.00
2015.08.05 03:12:00.138,1.93327,1.93346,1.00,1.00
2015.08.05 03:12:00.189,1.93324,1.93346,2.62,1.00
2015.08.05 03:12:01.976,1.93323,1.93346,2.25,1.50
2015.08.05 03:12:02.132,1.93323,1.93343,1.12,1.00
2015.08.05 03:12:02.471,1.93318,1.93343,1.87,1.50
2015.08.05 03:12:02.624,1.93318,1.93341,1.87,1.00
2015.08.05 03:12:02.928,1.93318,1.93341,1.87,1.00
2015.08.05 03:12:03.283,1.93319,1.93343,1.50,1.50
2015.08.05 03:12:03.334,1.93319,1.93343,1.12,1.87
2015.08.05 03:12:03.436,1.93321,1.93341,1.00,1.00
2015.08.05 03:12:03.762,1.93321,1.93339,1.00,1.00
2015.08.05 03:12:03.965,1.93322,1.93341,1.00,1.00
2015.08.05 03:12:04.066,1.93322,1.93343,1.12,1.00
2015.08.05 03:12:04.422,1.93323,1.93345,1.00,1.50
2015.08.05 03:12:04.574,1.93323,1.93343,1.00,1.00
2015.08.05 03:12:04.777,1.93323,1.93345,1.87,1.50
2015.08.05 03:12:04.879,1.93328,1.93345,1.00,1.50
2015.08.05 03:12:11.676,1.93328,1.93347,1.00,1.00
2015.08.05 03:12:12.345,1.93326,1.93347,1.12,1.50
2015.08.05 03:12:16.085,1.93328,1.93347,1.00,1.50
2015.08.05 03:12:17.104,1.93328,1.93346,1.00,1.00
2015.08.05 03:12:26.364,1.93328,1.93347,1.00,1.50
2015.08.05 03:12:26.871,1.93329,1.93347,1.00,1.00
2015.08.05 03:12:27.317,1.93329,1.93347,1.37,1.00
2015.08.05 03:12:27.368,1.93328,1.93349,2.62,1.00
2015.08.05 03:12:27.470,1.93331,1.93351,1.87,1.00
2015.08.05 03:12:27.521,1.93333,1.93354,1.50,1.00
2015.08.05 03:12:27.826,1.93333,1.93354,2.25,1.00
2015.08.05 03:12:28.923,1.93333,1.93354,2.25,1.00
2015.08.05 03:12:33.070,1.93333,1.93354,2.25,1.00
2015.08.05 03:12:35.648,1.93333,1.93354,1.87,1.00
2015.08.05 03:12:37.068,1.93333,1.93352,1.12,1.00
2015.08.05 03:12:44.468,1.93333,1.93354,1.12,1.50
2015.08.05 03:12:45.219,1.93333,1.93352,1.12,1.00
2015.08.05 03:12:47.476,1.93333,1.93353,1.12,1.00
2015.08.05 03:12:51.768,1.93333,1.93352,1.00,1.00
2015.08.05 03:12:59.330,1.93333,1.93353,1.00,1.00
2015.08.05 03:12:59.779,1.93333,1.93351,1.00,1.00
2015.08.05 03:13:00.835,1.93333,1.9335,1.00,1.00
2015.08.05 03:13:02.047,1.93333,1.93349,1.00,1.00
2015.08.05 03:13:02.098,1.93328,1.93349,2.25,1.00
2015.08.05 03:13:02.199,1.93331,1.93349,1.00,1.00
2015.08.05 03:13:02.519,1.9333,1.93346,1.00,1.00
2015.08.05 03:13:02.876,1.9333,1.93344,1.00,1.00
2015.08.05 03:13:02.978,1.93328,1.93344,1.00,1.00
2015.08.05 03:13:03.435,1.93325,1.93343,1.00,1.12
2015.08.05 03:13:03.537,1.93325,1.93339,1.00,1.00
2015.08.05 03:13:03.690,1.93322,1.93339,1.00,1.00
2015.08.05 03:13:04.697,1.93319,1.93339,1.00,1.00
2015.08.05 03:13:07.994,1.9332,1.93341,1.00,1.50
2015.08.05 03:13:13.000,1.93319,1.93341,1.00,1.00
2015.08.05 03:13:13.550,1.93319,1.9334,1.00,1.00
2015.08.05 03:13:18.613,1.93319,1.93338,1.00,1.00
2015.08.05 03:13:18.918,1.93313,1.93331,1.00,1.00
2015.08.05 03:13:19.223,1.93308,1.93329,1.50,1.50
2015.08.05 03:13:19.325,1.93308,1.93326,1.00,1.00
2015.08.05 03:13:19.478,1.93308,1.93329,1.00,2.25
2015.08.05 03:13:19.641,1.93308,1.93326,1.00,1.00
2015.08.05 03:13:19.898,1.93305,1.93326,1.00,1.00
2015.08.05 03:13:20.102,1.93303,1.93325,1.50,1.00
2015.08.05 03:13:20.457,1.93303,1.93322,1.00,1.00
2015.08.05 03:13:20.610,1.93301,1.93322,1.12,1.50
2015.08.05 03:13:20.763,1.93299,1.9332,1.37,1.00
2015.08.05 03:13:20.915,1.93296,1.9332,2.25,1.00
2015.08.05 03:13:21.456,1.93296,1.93318,1.87,1.00
2015.08.05 03:13:21.964,1.93296,1.93318,1.00,1.50
2015.08.05 03:13:22.500,1.93296,1.93316,1.00,1.00
2015.08.05 03:13:22.804,1.93293,1.93311,1.50,1.00
2015.08.05 03:13:22.910,1.93292,1.93311,1.37,1.00
2015.08.05 03:13:22.961,1.93292,1.93313,1.37,1.50
2015.08.05 03:13:23.468,1.93292,1.93311,1.12,1.00
2015.08.05 03:13:23.772,1.93291,1.93313,1.12,1.50
2015.08.05 03:13:23.975,1.93293,1.93313,1.00,1.50
2015.08.05 03:13:24.524,1.93293,1.93313,1.34,1.50
2015.08.05 03:13:24.827,1.93302,1.93319,1.00,1.00
2015.08.05 03:13:25.337,1.93302,1.9332,1.00,1.00
2015.08.05 03:13:25.844,1.93302,1.93321,1.00,1.00
2015.08.05 03:13:29.730,1.93302,1.93324,1.00,1.50
2015.08.05 03:13:31.836,1.93306,1.93324,1.00,1.00
2015.08.05 03:13:32.212,1.93312,1.93334,3.34,1.20
2015.08.05 03:13:32.417,1.93316,1.9334,1.71,1.12
2015.08.05 03:13:33.854,1.93323,1.9334,1.00,1.12
2015.08.05 03:13:34.999,1.93323,1.93338,1.00,1.00
2015.08.05 03:13:35.203,1.93318,1.93338,1.34,1.00
2015.08.05 03:13:35.717,1.93318,1.93339,1.34,1.00
2015.08.05 03:13:41.619,1.93318,1.93338,1.84,1.00
2015.08.05 03:13:44.915,1.93319,1.9334,1.34,2.25
2015.08.05 03:13:57.425,1.93322,1.93341,1.00,1.37
2015.08.05 03:13:57.578,1.93325,1.93344,1.00,1.50
2015.08.05 03:14:01.753,1.93323,1.93343,1.50,1.00
2015.08.05 03:14:02.480,1.93324,1.93345,1.00,1.12
2015.08.05 03:14:02.784,1.93326,1.93345,1.00,1.12
2015.08.05 03:14:04.195,1.93323,1.93343,1.00,1.00
2015.08.05 03:14:10.162,1.93326,1.93344,1.00,1.50
2015.08.05 03:14:15.054,1.93327,1.93344,1.00,1.12
2015.08.05 03:14:15.207,1.93327,1.93346,1.00,1.12
2015.08.05 03:14:15.714,1.93327,1.93347,1.00,1.00
2015.08.05 03:14:17.110,1.93328,1.93347,1.00,1.00
2015.08.05 03:14:24.900,1.93328,1.93348,1.00,1.00
2015.08.05 03:14:26.072,1.9333,1.93348,1.00,1.00
2015.08.05 03:14:26.225,1.9333,1.93351,1.00,2.25
2015.08.05 03:14:26.276,1.93334,1.93351,1.00,1.00
2015.08.05 03:14:26.530,1.93336,1.93357,1.00,1.12
2015.08.05 03:14:26.682,1.93336,1.93355,1.84,1.00
2015.08.05 03:14:26.785,1.93339,1.9336,1.00,1.00
2015.08.05 03:14:26.986,1.93339,1.93358,1.00,1.00
2015.08.05 03:14:27.038,1.93337,1.93358,1.00,1.00
2015.08.05 03:14:27.393,1.93339,1.93358,1.00,1.00
2015.08.05 03:14:28.317,1.93338,1.9336,1.00,1.87
2015.08.05 03:14:28.621,1.93337,1.93359,1.00,1.37
2015.08.05 03:14:28.925,1.93338,1.9336,1.00,2.25
2015.08.05 03:14:29.691,1.93338,1.9336,1.00,1.87
2015.08.05 03:14:29.742,1.9334,1.9336,1.00,1.12
2015.08.05 03:14:33.218,1.93339,1.9336,1.00,1.00
2015.08.05 03:14:33.725,1.93339,1.93362,1.12,1.37
2015.08.05 03:14:34.193,1.93341,1.93362,1.00,1.37
2015.08.05 03:14:34.526,1.93335,1.93358,3.34,1.00
2015.08.05 03:14:34.781,1.93343,1.93363,1.00,1.00
2015.08.05 03:14:34.833,1.9334,1.93362,1.00,1.50
2015.08.05 03:14:34.935,1.9334,1.93359,1.00,1.00
2015.08.05 03:14:34.986,1.93337,1.93359,1.00,1.37
2015.08.05 03:14:35.038,1.93342,1.93361,1.09,1.37
2015.08.05 03:14:35.089,1.93342,1.93361,1.09,1.00
2015.08.05 03:14:35.141,1.93348,1.93361,1.00,1.00
2015.08.05 03:14:35.244,1.93348,1.93366,1.00,1.00
2015.08.05 03:14:35.412,1.93342,1.93367,2.59,3.37
2015.08.05 03:14:35.677,1.93348,1.93366,1.00,1.12
2015.08.05 03:14:35.829,1.93344,1.93366,1.00,1.12
2015.08.05 03:14:35.880,1.93342,1.93363,1.00,1.00
2015.08.05 03:14:36.184,1.93348,1.93366,1.00,1.37
2015.08.05 03:14:36.438,1.93348,1.93366,1.00,1.00
2015.08.05 03:14:40.422,1.93343,1.93366,1.50,1.87
2015.08.05 03:14:41.792,1.93342,1.93364,1.00,1.00
2015.08.05 03:14:42.097,1.93338,1.93359,1.00,1.12
2015.08.05 03:14:42.401,1.93338,1.93359,1.00,1.37
2015.08.05 03:14:42.757,1.93334,1.93354,1.00,1.00
2015.08.05 03:14:44.414,1.93334,1.93355,1.00,1.00
2015.08.05 03:14:44.466,1.93334,1.93358,1.00,1.37
2015.08.05 03:14:46.703,1.93334,1.93356,1.00,1.00
2015.08.05 03:14:49.327,1.93334,1.93355,1.00,1.12
2015.08.05 03:14:49.379,1.93334,1.93355,1.00,1.50
2015.08.05 03:14:49.533,1.93332,1.9335,1.00,1.00
2015.08.05 03:14:49.584,1.9333,1.9335,1.12,1.37
2015.08.05 03:14:49.788,1.93328,1.93347,1.00,1.00
2015.08.05 03:14:49.890,1.93327,1.93347,1.00,1.37
2015.08.05 03:14:49.991,1.93323,1.93347,3.37,1.37
2015.08.05 03:14:51.080,1.93323,1.93346,1.00,1.37
2015.08.05 03:14:51.386,1.93323,1.93346,1.50,1.50
2015.08.05 03:14:51.488,1.93325,1.93346,1.37,1.00
2015.08.05 03:14:51.590,1.93331,1.9335,1.00,1.00
2015.08.05 03:14:51.691,1.93331,1.93352,1.00,1.00
2015.08.05 03:14:51.742,1.9333,1.93355,3.37,1.50
2015.08.05 03:14:51.945,1.93332,1.93355,1.00,1.00
2015.08.05 03:14:52.641,1.93331,1.93355,1.00,1.37
2015.08.05 03:14:53.148,1.9333,1.93355,2.25,1.87
2015.08.05 03:14:53.452,1.9333,1.9335,1.00,1.00
2015.08.05 03:14:53.623,1.93327,1.9335,1.00,1.12
2015.08.05 03:14:54.458,1.93328,1.93352,1.00,1.37
2015.08.05 03:14:54.509,1.93328,1.93352,1.12,1.12
2015.08.05 03:14:54.712,1.93328,1.93352,1.37,1.50
2015.08.05 03:14:55.108,1.93331,1.93349,1.00,1.00
2015.08.05 03:14:55.261,1.93328,1.93349,1.12,1.00
2015.08.05 03:14:55.767,1.93328,1.93348,1.00,1.00
2015.08.05 03:15:01.633,1.93328,1.9335,1.00,1.12
2015.08.05 03:15:02.427,1.93328,1.9335,1.00,1.37
2015.08.05 03:15:04.486,1.93328,1.93348,1.00,1.00
2015.08.05 03:15:04.942,1.93328,1.93349,1.37,1.00
2015.08.05 03:15:04.994,1.9333,1.93352,1.37,1.00
2015.08.05 03:15:05.535,1.93332,1.93352,1.00,1.00
2015.08.05 03:15:06.804,1.93332,1.93353,1.00,1.00
2015.08.05 03:15:07.919,1.93332,1.9335,1.00,1.00
2015.08.05 03:15:08.022,1.93332,1.93354,1.00,1.12
2015.08.05 03:15:08.898,1.93332,1.9335,1.00,1.00
2015.08.05 03:15:09.051,1.93332,1.93352,1.00,1.12
2015.08.05 03:15:09.102,1.93332,1.93352,1.00,1.37
2015.08.05 03:15:09.677,1.93328,1.9335,1.00,1.00
2015.08.05 03:15:14.638,1.93328,1.9335,1.00,1.50
2015.08.05 03:15:16.376,1.93327,1.93349,2.25,1.00
2015.08.05 03:15:17.447,1.93327,1.93351,1.50,1.37
2015.08.05 03:15:17.692,1.93331,1.93351,1.00,1.37
2015.08.05 03:15:17.744,1.93331,1.93354,1.00,1.87
2015.08.05 03:15:18.828,1.93331,1.93349,1.50,1.00
2015.08.05 03:15:19.032,1.93331,1.93353,2.25,1.00
2015.08.05 03:15:19.536,1.93334,1.93353,1.00,1.00
2015.08.05 03:15:19.855,1.93334,1.93356,1.50,1.00
2015.08.05 03:15:20.381,1.93334,1.93356,1.00,1.37
2015.08.05 03:15:21.610,1.93334,1.93356,1.00,1.00
2015.08.05 03:15:24.483,1.93335,1.93356,1.00,1.50
2015.08.05 03:15:26.324,1.93335,1.93355,1.00,1.00
2015.08.05 03:15:26.486,1.93335,1.93349,1.00,1.00
2015.08.05 03:15:26.689,1.93331,1.93347,1.00,1.00
2015.08.05 03:15:27.044,1.93327,1.93347,1.00,1.12
2015.08.05 03:15:28.459,1.93327,1.93346,1.00,1.00
2015.08.05 03:15:29.042,1.93327,1.93346,1.00,1.37
2015.08.05 03:15:29.547,1.93327,1.93346,1.00,1.12
2015.08.05 03:15:30.466,1.93327,1.93347,1.00,1.00
2015.08.05 03:15:37.888,1.93327,1.93347,1.00,1.37
2015.08.05 03:15:38.142,1.93325,1.93345,1.00,1.37
2015.08.05 03:15:39.297,1.93325,1.93347,1.00,1.87
2015.08.05 03:15:45.108,1.93325,1.93347,1.00,2.25
2015.08.05 03:15:46.090,1.93325,1.93347,1.00,2.25
2015.08.05 03:15:58.106,1.93325,1.93347,1.00,1.37
2015.08.05 03:15:58.448,1.93325,1.93345,1.00,1.37
2015.08.05 03:15:58.955,1.93325,1.93345,1.00,1.37
2015.08.05 03:16:04.866,1.93325,1.93345,1.00,1.00
2015.08.05 03:16:05.170,1.93325,1.93347,1.00,1.50
2015.08.05 03:16:05.679,1.93326,1.93347,1.00,1.00
2015.08.05 03:16:10.519,1.93326,1.93348,1.00,1.12
2015.08.05 03:16:20.577,1.93326,1.93348,1.87,1.00
2015.08.05 03:16:21.125,1.93326,1.93348,1.50,1.00
2015.08.05 03:16:21.669,1.93327,1.93348,1.00,1.00
2015.08.05 03:16:22.405,1.93326,1.93348,2.25,1.00
2015.08.05 03:16:27.642,1.93327,1.93348,1.00,1.00
2015.08.05 03:16:29.717,1.93326,1.93348,1.87,1.00
2015.08.05 03:16:36.102,1.93327,1.93348,1.00,1.50
2015.08.05 03:16:41.289,1.93328,1.93349,1.00,1.00
2015.08.05 03:16:41.795,1.93328,1.9335,1.00,1.00
2015.08.05 03:16:42.049,1.9333,1.93353,1.00,3.00
2015.08.05 03:16:42.302,1.93332,1.93353,1.00,1.50
2015.08.05 03:16:42.853,1.93333,1.93353,1.00,1.00
2015.08.05 03:16:43.837,1.93333,1.9335,1.12,1.00
2015.08.05 03:16:44.969,1.93333,1.93352,1.00,1.00
2015.08.05 03:16:45.323,1.93333,1.93355,1.00,1.50
2015.08.05 03:16:47.356,1.93333,1.93355,1.50,1.00
2015.08.05 03:16:48.343,1.93333,1.93355,1.00,1.00
2015.08.05 03:16:53.172,1.93333,1.93354,1.12,1.00
2015.08.05 03:16:53.274,1.93331,1.93354,1.87,1.37
2015.08.05 03:16:53.629,1.93333,1.9335,1.00,1.00
2015.08.05 03:16:54.168,1.93332,1.93351,1.00,1.00
2015.08.05 03:16:54.982,1.93332,1.93355,1.00,1.00
2015.08.05 03:16:55.438,1.93332,1.93356,2.25,1.87
2015.08.05 03:16:58.272,1.93335,1.93355,1.00,1.00
2015.08.05 03:17:21.078,1.93335,1.93353,1.00,1.37
2015.08.05 03:17:21.231,1.9333,1.93351,1.00,1.12
2015.08.05 03:17:21.586,1.93331,1.93351,1.00,1.87
2015.08.05 03:17:22.000,1.93331,1.93351,1.00,1.87
2015.08.05 03:17:29.877,1.93332,1.93351,1.50,1.00
2015.08.05 03:17:31.933,1.93332,1.93351,1.87,1.00
2015.08.05 03:17:32.187,1.93334,1.93355,1.12,1.00
2015.08.05 03:17:43.743,1.93334,1.93353,1.00,1.00
2015.08.05 03:17:47.737,1.93334,1.93354,1.00,1.00
2015.08.05 03:17:55.816,1.93338,1.93355,1.00,1.12
2015.08.05 03:17:56.652,1.93338,1.93355,1.00,1.37
2015.08.05 03:17:56.703,1.93334,1.93355,1.00,1.37
2015.08.05 03:17:59.154,1.93334,1.93355,1.50,2.62
2015.08.05 03:18:05.938,1.93334,1.93351,1.00,1.00
2015.08.05 03:18:06.040,1.93331,1.93351,1.00,1.87
2015.08.05 03:18:06.142,1.93326,1.93349,1.37,1.87
2015.08.05 03:18:06.243,1.93326,1.93349,1.00,1.87
2015.08.05 03:18:06.750,1.93326,1.93346,1.00,2.62
2015.08.05 03:18:11.311,1.93326,1.93346,1.00,2.62
2015.08.05 03:18:14.660,1.93326,1.93347,1.12,1.00
2015.08.05 03:18:23.801,1.93326,1.93348,1.00,1.12
2015.08.05 03:18:24.310,1.93327,1.93348,1.00,1.12
2015.08.05 03:18:27.032,1.93326,1.93348,1.50,1.00
2015.08.05 03:18:27.341,1.93328,1.93348,1.12,1.00
2015.08.05 03:18:36.506,1.93329,1.93348,1.00,1.00
2015.08.05 03:18:36.872,1.93329,1.9335,1.12,2.25
2015.08.05 03:18:37.075,1.93333,1.9335,1.00,2.25
2015.08.05 03:18:37.177,1.93329,1.9335,1.12,1.50
2015.08.05 03:18:37.366,1.93331,1.9335,1.00,1.00
2015.08.05 03:18:37.469,1.93334,1.93354,1.00,1.00
2015.08.05 03:18:37.520,1.93338,1.93354,1.00,1.00
2015.08.05 03:18:37.622,1.93334,1.93354,1.00,1.00
2015.08.05 03:18:37.726,1.93334,1.93351,1.00,1.00
2015.08.05 03:18:38.032,1.93334,1.93348,1.00,1.00
2015.08.05 03:18:38.133,1.93334,1.93351,1.00,1.50
2015.08.05 03:18:38.235,1.93334,1.93353,1.00,1.00
2015.08.05 03:18:39.139,1.93334,1.93353,1.00,1.87
2015.08.05 03:18:39.342,1.93334,1.93353,1.00,1.87
2015.08.05 03:18:39.555,1.93331,1.93352,1.00,1.12
2015.08.05 03:18:40.352,1.93331,1.93351,1.00,1.00
2015.08.05 03:18:40.911,1.93331,1.93352,1.50,1.00
2015.08.05 03:18:43.818,1.93331,1.93352,2.25,1.00
2015.08.05 03:18:44.823,1.93331,1.93352,1.87,1.00
2015.08.05 03:18:50.608,1.93331,1.93352,1.87,1.00
2015.08.05 03:18:51.124,1.93331,1.93352,1.50,1.37
2015.08.05 03:18:51.328,1.93331,1.93352,1.00,1.87
2015.08.05 03:18:51.379,1.93329,1.93349,1.12,1.12
2015.08.05 03:18:52.142,1.93329,1.93348,1.00,1.00
2015.08.05 03:18:57.636,1.93329,1.93349,1.00,1.00
2015.08.05 03:19:02.027,1.93333,1.93349,1.00,1.00
2015.08.05 03:19:03.334,1.93329,1.93349,1.50,1.00
2015.08.05 03:19:11.694,1.93333,1.93349,1.00,1.00
2015.08.05 03:19:11.846,1.93329,1.93349,1.00,1.00
2015.08.05 03:19:14.210,1.93329,1.93349,1.00,1.37
2015.08.05 03:19:14.872,1.93329,1.93349,1.00,1.12
2015.08.05 03:19:15.391,1.93329,1.93349,1.00,1.37
2015.08.05 03:19:15.917,1.93329,1.93349,1.00,1.12
2015.08.05 03:19:16.298,1.93329,1.93349,1.00,1.37
2015.08.05 03:19:20.105,1.93329,1.93349,1.00,1.12
2015.08.05 03:19:23.133,1.93332,1.93349,1.00,1.12
2015.08.05 03:19:26.346,1.93329,1.93349,1.00,1.12
2015.08.05 03:19:29.916,1.93329,1.93349,1.00,1.37
2015.08.05 03:19:46.836,1.93329,1.93349,1.00,1.87
2015.08.05 03:19:51.444,1.93329,1.93353,1.00,1.37
2015.08.05 03:19:54.556,1.93329,1.93352,1.00,1.50
2015.08.05 03:19:56.674,1.93329,1.93351,1.00,1.37
2015.08.05 03:19:57.318,1.93328,1.93348,1.50,1.37
2015.08.05 03:20:05.873,1.93328,1.93348,1.50,1.12
2015.08.05 03:20:12.953,1.93333,1.93353,1.00,3.00
2015.08.05 03:20:13.111,1.93329,1.93353,1.00,3.00
2015.08.05 03:20:13.263,1.93332,1.93352,1.00,1.37
2015.08.05 03:20:13.769,1.93332,1.93352,1.50,1.00
2015.08.05 03:20:14.743,1.93333,1.93352,1.00,1.00
2015.08.05 03:20:15.049,1.93334,1.93354,1.00,1.12
2015.08.05 03:20:15.611,1.93334,1.93354,1.00,1.37
2015.08.05 03:20:15.983,1.93337,1.93359,1.00,1.50
2015.08.05 03:20:16.545,1.93337,1.93359,1.00,1.12
2015.08.05 03:20:17.051,1.93337,1.93359,1.00,1.50
2015.08.05 03:20:17.292,1.93335,1.93355,1.50,1.00
2015.08.05 03:20:18.008,1.93337,1.93355,1.00,1.00
2015.08.05 03:20:18.313,1.93346,1.93364,1.00,1.50
2015.08.05 03:20:18.418,1.9335,1.9337,1.00,1.12
2015.08.05 03:20:18.927,1.93351,1.9337,1.00,1.00
2015.08.05 03:20:19.475,1.9335,1.9337,1.00,1.00
2015.08.05 03:20:21.119,1.9335,1.9337,1.00,1.37
2015.08.05 03:20:21.691,1.9335,1.93367,1.00,1.00
2015.08.05 03:20:21.793,1.9335,1.9337,1.00,1.00
2015.08.05 03:20:21.996,1.9335,1.9337,1.00,1.37
2015.08.05 03:20:22.215,1.9335,1.9337,1.00,1.12
2015.08.05 03:20:22.725,1.9335,1.9337,1.00,1.37
2015.08.05 03:20:22.827,1.9335,1.9337,1.00,1.37
2015.08.05 03:20:23.030,1.93347,1.93371,1.00,1.37
2015.08.05 03:20:24.917,1.93347,1.93371,1.00,1.75
2015.08.05 03:20:25.069,1.93347,1.93371,1.00,1.37
2015.08.05 03:20:25.581,1.93347,1.93371,1.00,1.37
2015.08.05 03:20:30.367,1.93347,1.9337,1.00,1.87
2015.08.05 03:20:30.469,1.93344,1.93366,1.00,1.87
2015.08.05 03:20:30.571,1.93347,1.93366,1.00,1.87
2015.08.05 03:20:30.817,1.93345,1.93366,1.00,1.87
2015.08.05 03:20:31.325,1.93344,1.93366,1.00,1.50
2015.08.05 03:20:31.376,1.93344,1.93366,1.00,1.87
2015.08.05 03:20:31.833,1.93344,1.93366,1.00,3.00
2015.08.05 03:20:31.985,1.93342,1.93366,1.00,3.00
2015.08.05 03:20:32.875,1.93342,1.93366,1.00,3.37
2015.08.05 03:20:33.281,1.9334,1.93365,1.00,1.75
2015.08.05 03:20:33.669,1.9334,1.93365,1.00,1.75
2015.08.05 03:20:34.173,1.93345,1.93366,1.00,1.50
2015.08.05 03:20:34.478,1.93346,1.93368,1.00,1.00
2015.08.05 03:20:34.784,1.93347,1.9337,1.00,1.87
2015.08.05 03:20:35.191,1.93349,1.93373,1.00,1.75
2015.08.05 03:20:35.496,1.93349,1.9337,1.00,1.37
2015.08.05 03:20:36.026,1.93349,1.9337,1.00,1.00
2015.08.05 03:20:40.064,1.93347,1.9337,1.00,1.00
2015.08.05 03:20:43.608,1.93353,1.93373,1.00,1.75
2015.08.05 03:20:43.659,1.93349,1.93373,1.00,1.75
2015.08.05 03:20:43.710,1.93349,1.93367,1.50,1.00
2015.08.05 03:20:44.222,1.93348,1.93367,1.00,1.00
2015.08.05 03:20:45.317,1.93346,1.93367,1.00,1.50
2015.08.05 03:20:47.185,1.93346,1.93369,1.87,1.37
2015.08.05 03:20:48.121,1.93347,1.93372,1.00,1.75
2015.08.05 03:20:48.632,1.93346,1.93371,1.50,1.75
2015.08.05 03:20:49.090,1.93346,1.93367,1.00,1.00
2015.08.05 03:20:49.535,1.93347,1.93372,2.25,2.25
2015.08.05 03:20:50.697,1.93348,1.93372,1.00,1.50
2015.08.05 03:20:50.748,1.93348,1.93372,1.12,1.00
2015.08.05 03:20:50.901,1.93351,1.93373,1.00,1.00
2015.08.05 03:20:51.238,1.93354,1.93377,1.00,2.25
2015.08.05 03:20:51.783,1.93353,1.93377,1.00,2.25
2015.08.05 03:20:52.036,1.93353,1.93377,1.00,2.25
2015.08.05 03:20:52.829,1.93352,1.93377,1.87,2.25
2015.08.05 03:20:54.914,1.93353,1.93377,1.00,2.25
2015.08.05 03:20:55.349,1.93354,1.93377,1.00,2.25
2015.08.05 03:20:55.549,1.93354,1.93377,1.00,2.25
2015.08.05 03:20:55.854,1.93352,1.93377,2.25,2.62
2015.08.05 03:20:56.108,1.93353,1.93374,1.00,1.00
2015.08.05 03:20:56.159,1.93353,1.93376,1.00,1.50
2015.08.05 03:20:56.666,1.93352,1.93376,3.00,1.50
2015.08.05 03:20:56.850,1.93355,1.93377,1.00,1.75
2015.08.05 03:20:56.952,1.93355,1.93377,1.00,1.50
2015.08.05 03:20:57.460,1.93356,1.93377,1.00,1.12
2015.08.05 03:21:04.463,1.93356,1.93378,1.00,1.12
2015.08.05 03:21:04.971,1.93356,1.93379,1.00,1.00
2015.08.05 03:21:06.067,1.93356,1.93379,1.00,1.37
2015.08.05 03:21:11.471,1.93355,1.93378,2.25,1.00
2015.08.05 03:21:17.255,1.93357,1.93378,1.00,1.00
2015.08.05 03:21:26.814,1.93361,1.9338,1.00,1.37
2015.08.05 03:21:26.865,1.93361,1.9338,1.00,1.12
2015.08.05 03:21:27.472,1.93363,1.93382,1.00,1.00
2015.08.05 03:21:28.455,1.93361,1.93382,1.50,1.12
2015.08.05 03:21:30.011,1.93361,1.93382,1.50,1.37
2015.08.05 03:21:30.316,1.93358,1.93377,1.84,1.37
2015.08.05 03:21:30.621,1.93358,1.93373,1.00,1.00
2015.08.05 03:21:30.672,1.93352,1.93372,1.50,1.00
2015.08.05 03:21:31.202,1.93353,1.93372,1.00,2.25
2015.08.05 03:21:33.050,1.93353,1.93372,1.00,2.62
2015.08.05 03:21:33.571,1.93352,1.93372,1.00,2.62
2015.08.05 03:21:34.116,1.93353,1.93372,1.00,2.62
2015.08.05 03:21:34.857,1.93353,1.93372,1.00,1.50
2015.08.05 03:21:35.363,1.93354,1.93372,1.00,1.00
2015.08.05 03:21:35.668,1.93356,1.93375,1.00,1.00
2015.08.05 03:21:36.664,1.93357,1.93375,1.00,1.00
2015.08.05 03:21:36.767,1.93361,1.93375,1.00,1.00
2015.08.05 03:21:36.819,1.93362,1.9338,1.00,1.00
2015.08.05 03:21:36.972,1.93363,1.93382,1.00,1.00
2015.08.05 03:21:37.125,1.93365,1.93382,1.00,1.00
2015.08.05 03:21:37.703,1.93366,1.93382,1.00,1.00
2015.08.05 03:21:38.509,1.93365,1.93384,1.00,1.00
2015.08.05 03:21:39.188,1.93366,1.93384,1.00,1.00
2015.08.05 03:21:41.925,1.93365,1.93384,1.00,1.00
2015.08.05 03:21:42.312,1.93366,1.93388,1.00,2.25
2015.08.05 03:21:43.471,1.93367,1.93388,1.00,1.37
2015.08.05 03:21:45.431,1.93367,1.93388,1.00,1.37
2015.08.05 03:21:46.261,1.93367,1.93388,1.12,1.12
2015.08.05 03:21:47.606,1.93366,1.93386,1.37,1.00
2015.08.05 03:21:48.205,1.93366,1.93387,1.00,1.00
2015.08.05 03:21:48.510,1.93366,1.93388,1.37,1.00
2015.08.05 03:21:49.018,1.93366,1.93388,1.37,1.00
2015.08.05 03:21:50.108,1.93366,1.93388,1.50,1.37
2015.08.05 03:21:50.362,1.93364,1.93385,2.21,1.12
2015.08.05 03:21:53.711,1.93364,1.93385,1.84,1.37
2015.08.05 03:21:54.592,1.93364,1.93385,1.46,1.50
2015.08.05 03:21:54.898,1.93366,1.93386,1.87,1.00
2015.08.05 03:21:55.105,1.93368,1.93386,1.87,1.00
2015.08.05 03:21:55.615,1.93365,1.93386,1.00,1.00
2015.08.05 03:21:55.920,1.93367,1.93386,1.00,1.00
2015.08.05 03:21:56.268,1.93366,1.93379,1.00,1.00
2015.08.05 03:21:56.320,1.93359,1.93379,1.00,1.00
2015.08.05 03:21:56.676,1.93357,1.93378,1.00,1.00
2015.08.05 03:21:57.182,1.93355,1.93378,1.50,1.00
2015.08.05 03:21:57.623,1.93355,1.93378,1.37,1.00
2015.08.05 03:21:58.701,1.93355,1.93376,1.37,1.00
2015.08.05 03:21:58.752,1.93355,1.93376,1.37,1.00
2015.08.05 03:21:58.803,1.93355,1.93374,1.37,1.00
2015.08.05 03:22:01.751,1.93355,1.93374,1.87,1.00
2015.08.05 03:22:01.903,1.93355,1.93377,2.62,1.00
2015.08.05 03:22:02.157,1.93355,1.93376,1.12,1.12
2015.08.05 03:22:03.549,1.93355,1.93376,1.37,1.00
2015.08.05 03:22:04.056,1.93355,1.93377,1.37,1.00
2015.08.05 03:22:04.341,1.93355,1.93377,1.37,1.00
2015.08.05 03:22:04.650,1.93357,1.93377,1.87,1.00
2015.08.05 03:22:04.955,1.93363,1.93378,1.00,1.00
2015.08.05 03:22:05.848,1.93358,1.93378,1.87,1.00
2015.08.05 03:22:06.945,1.93358,1.93378,1.87,1.00
2015.08.05 03:22:08.128,1.93362,1.93378,1.00,1.00
2015.08.05 03:22:11.545,1.93358,1.93378,1.00,1.12
2015.08.05 03:22:12.054,1.93355,1.93379,1.37,2.25
2015.08.05 03:22:14.200,1.93355,1.93379,1.37,2.25
2015.08.05 03:22:14.702,1.93355,1.93376,1.37,1.12
2015.08.05 03:22:17.792,1.93355,1.93376,1.00,2.25
2015.08.05 03:22:17.894,1.93354,1.93374,1.00,1.00
2015.08.05 03:22:23.807,1.93354,1.93374,1.37,1.12
2015.08.05 03:22:24.359,1.93354,1.93374,1.00,1.00
2015.08.05 03:22:27.319,1.93352,1.93374,2.62,1.00
2015.08.05 03:22:29.701,1.93356,1.93374,1.00,1.00
2015.08.05 03:22:30.191,1.93357,1.93378,1.37,1.12
2015.08.05 03:22:30.699,1.93361,1.93379,1.00,1.00
2015.08.05 03:22:31.207,1.9336,1.93379,1.00,1.00
2015.08.05 03:22:31.727,1.93359,1.93379,1.00,1.50
2015.08.05 03:22:32.236,1.93358,1.93378,2.25,1.00
2015.08.05 03:22:32.541,1.93364,1.93384,1.50,1.50
2015.08.05 03:22:32.845,1.93368,1.93388,1.00,1.00
2015.08.05 03:22:33.394,1.93369,1.93388,1.00,1.00
2015.08.05 03:22:33.749,1.93369,1.93388,1.37,1.00
2015.08.05 03:22:34.104,1.93372,1.9339,1.12,1.00
2015.08.05 03:22:34.642,1.93371,1.9339,1.00,1.00
2015.08.05 03:22:34.694,1.9337,1.93388,1.00,1.00
2015.08.05 03:22:34.796,1.93368,1.93388,1.00,1.87
2015.08.05 03:22:34.949,1.93368,1.93383,1.00,1.00
2015.08.05 03:22:36.407,1.93363,1.93383,1.87,1.00
2015.08.05 03:22:39.029,1.93363,1.93383,1.00,1.87
2015.08.05 03:22:39.533,1.93365,1.93383,1.37,1.00
2015.08.05 03:22:40.041,1.93364,1.93383,1.37,1.00
2015.08.05 03:22:40.857,1.93368,1.93383,1.00,1.00
2015.08.05 03:22:41.037,1.93368,1.93386,1.00,1.12
2015.08.05 03:22:41.139,1.93366,1.93386,1.00,2.25
2015.08.05 03:22:42.652,1.93366,1.93386,1.00,1.87
2015.08.05 03:22:42.989,1.93358,1.93378,2.62,1.00
2015.08.05 03:22:43.698,1.93358,1.93377,1.87,1.00
2015.08.05 03:22:44.880,1.93358,1.93378,1.87,1.00
2015.08.05 03:22:47.411,1.93358,1.93377,1.00,1.00
2015.08.05 03:22:47.927,1.93358,1.93377,1.37,1.00
2015.08.05 03:22:48.451,1.93358,1.93377,1.12,1.00
2015.08.05 03:22:50.665,1.93358,1.93377,1.87,1.00
2015.08.05 03:22:50.818,1.93363,1.93377,1.00,1.00
2015.08.05 03:22:51.216,1.93362,1.93375,1.00,1.50
2015.08.05 03:22:51.268,1.93358,1.93375,1.00,1.50
2015.08.05 03:22:51.370,1.93356,1.93376,1.00,1.00
2015.08.05 03:22:51.473,1.93354,1.93374,1.37,1.00
2015.08.05 03:22:51.525,1.93353,1.93374,1.50,1.00
2015.08.05 03:22:51.577,1.93353,1.93372,1.00,1.00
2015.08.05 03:22:52.085,1.93352,1.93374,1.50,1.37
2015.08.05 03:22:52.418,1.93353,1.93374,1.37,1.37
2015.08.05 03:22:52.723,1.93352,1.93373,1.12,2.62
2015.08.05 03:22:52.875,1.93349,1.93367,1.37,1.00
2015.08.05 03:22:52.927,1.93349,1.93367,1.00,1.00
2015.08.05 03:22:52.978,1.93346,1.93367,1.50,1.00
2015.08.05 03:22:53.480,1.93345,1.93366,1.00,1.50
2015.08.05 03:22:53.633,1.93343,1.93362,1.00,1.00
2015.08.05 03:22:54.142,1.93342,1.93362,1.50,1.00
2015.08.05 03:22:55.138,1.93344,1.93362,1.00,1.50
2015.08.05 03:22:55.495,1.93344,1.93362,1.37,1.50
2015.08.05 03:22:55.749,1.93348,1.93366,1.37,1.00
2015.08.05 03:22:56.267,1.93349,1.93366,1.37,1.00
2015.08.05 03:22:56.827,1.93349,1.93366,1.12,1.00
2015.08.05 03:22:57.952,1.93348,1.93366,1.00,1.00
2015.08.05 03:22:58.499,1.93347,1.93366,1.00,1.00
2015.08.05 03:23:02.156,1.93347,1.93367,1.12,1.00
2015.08.05 03:23:02.659,1.93346,1.93368,1.37,1.00
2015.08.05 03:23:03.259,1.93346,1.93367,1.37,1.00
2015.08.05 03:23:08.773,1.93348,1.93367,1.37,1.00
2015.08.05 03:23:09.080,1.93348,1.9337,1.37,1.50
2015.08.05 03:23:23.225,1.9335,1.9337,1.00,1.00
2015.08.05 03:23:27.267,1.9335,1.93369,1.00,1.50
2015.08.05 03:23:27.809,1.9335,1.9337,1.00,1.00
2015.08.05 03:23:30.456,1.9335,1.93369,1.00,1.50
2015.08.05 03:23:31.005,1.9335,1.9337,1.00,1.00
2015.08.05 03:23:31.547,1.93349,1.9337,1.12,1.00
2015.08.05 03:23:35.065,1.93349,1.93371,1.12,1.00
2015.08.05 03:24:01.475,1.9335,1.93371,1.00,1.00
2015.08.05 03:24:03.280,1.93352,1.93371,1.00,1.00
2015.08.05 03:24:03.534,1.93353,1.93374,1.00,1.37
2015.08.05 03:24:03.585,1.93355,1.93374,1.00,1.00
2015.08.05 03:24:07.132,1.93355,1.93373,1.00,1.50
2015.08.05 03:24:07.639,1.93355,1.93374,1.00,1.00
2015.08.05 03:24:10.667,1.93357,1.93374,1.00,1.00
2015.08.05 03:24:10.871,1.93357,1.93378,1.50,1.37
2015.08.05 03:24:10.973,1.93361,1.93378,1.00,1.37
2015.08.05 03:24:11.547,1.93362,1.93378,1.00,1.00
2015.08.05 03:24:17.008,1.9336,1.93378,1.00,1.00
2015.08.05 03:24:23.606,1.93359,1.93378,1.12,1.00
2015.08.05 03:24:23.708,1.93357,1.93378,1.00,1.87
2015.08.05 03:24:23.759,1.93356,1.93375,1.00,1.00
2015.08.05 03:24:23.810,1.93357,1.93377,1.00,1.12
2015.08.05 03:24:24.368,1.93359,1.93377,1.00,1.12
2015.08.05 03:24:24.875,1.93359,1.93377,1.00,1.50
2015.08.05 03:24:25.637,1.93359,1.93377,1.00,1.50
2015.08.05 03:24:27.472,1.93358,1.93377,1.00,1.12
2015.08.05 03:24:29.628,1.93358,1.93378,1.50,1.00
2015.08.05 03:24:29.932,1.93362,1.9338,1.00,1.00
2015.08.05 03:24:30.794,1.93361,1.9338,1.00,1.00
2015.08.05 03:24:34.910,1.9336,1.9338,1.00,1.12
2015.08.05 03:24:35.841,1.9336,1.9338,1.00,1.50
2015.08.05 03:24:38.867,1.9336,1.9338,1.00,1.12
2015.08.05 03:24:39.527,1.9336,1.9338,1.00,1.37
2015.08.05 03:24:45.843,1.9336,1.9338,1.00,2.62
2015.08.05 03:24:45.895,1.93357,1.93377,1.00,1.87
2015.08.05 03:24:45.996,1.93355,1.93374,1.00,1.00
2015.08.05 03:24:47.531,1.93356,1.93374,1.00,1.50
2015.08.05 03:24:47.632,1.93358,1.93374,1.00,1.50
2015.08.05 03:25:01.575,1.93359,1.93374,1.00,1.00
2015.08.05 03:25:02.632,1.93359,1.93379,1.00,1.12
2015.08.05 03:25:02.784,1.93361,1.93379,1.00,1.12
2015.08.05 03:25:04.469,1.93363,1.93379,1.00,1.00
2015.08.05 03:25:07.613,1.93363,1.93378,1.00,1.00
2015.08.05 03:25:08.123,1.93363,1.93379,1.00,1.00
2015.08.05 03:25:10.592,1.93363,1.93379,1.00,1.37
2015.08.05 03:25:10.643,1.93358,1.93379,1.50,1.37
2015.08.05 03:25:10.986,1.9336,1.93379,1.00,1.12
2015.08.05 03:25:11.189,1.93358,1.93379,1.00,1.12
2015.08.05 03:25:11.393,1.93361,1.93379,1.00,1.12
2015.08.05 03:25:11.697,1.93363,1.93379,1.00,1.00
2015.08.05 03:25:13.055,1.93358,1.93379,1.00,1.12
2015.08.05 03:25:13.829,1.93358,1.93379,1.50,1.50
2015.08.05 03:25:14.810,1.93358,1.93379,1.50,1.12
2015.08.05 03:25:20.019,1.93363,1.93379,1.00,1.12
2015.08.05 03:25:21.413,1.93363,1.9338,1.00,1.00
2015.08.05 03:25:23.981,1.9336,1.9338,1.00,1.87
2015.08.05 03:25:24.032,1.93358,1.9338,1.00,1.87
2015.08.05 03:25:24.083,1.93357,1.9338,1.50,2.25
2015.08.05 03:25:24.422,1.93354,1.93375,1.00,2.25
2015.08.05 03:25:25.940,1.93357,1.93375,1.50,1.37
2015.08.05 03:25:25.991,1.93357,1.93375,1.50,1.00
2015.08.05 03:25:26.295,1.93358,1.93377,1.00,1.12
2015.08.05 03:25:52.851,1.93362,1.93377,1.00,1.00
2015.08.05 03:25:53.411,1.93363,1.93377,1.00,1.00
2015.08.05 03:25:54.096,1.93362,1.93377,1.00,1.00
2015.08.05 03:25:54.301,1.93358,1.93377,1.87,1.00
2015.08.05 03:25:55.177,1.93363,1.93377,1.00,1.00
2015.08.05 03:25:58.584,1.93357,1.93377,1.87,1.00
2015.08.05 03:25:59.840,1.93362,1.93377,1.00,1.00
2015.08.05 03:26:00.033,1.93357,1.93377,1.87,1.00
2015.08.05 03:26:00.545,1.93357,1.93377,1.87,1.00
2015.08.05 03:26:01.877,1.93357,1.93377,2.62,1.00
2015.08.05 03:26:04.462,1.93357,1.93377,2.62,1.00
2015.08.05 03:26:09.466,1.93357,1.93377,3.00,1.00
2015.08.05 03:26:09.567,1.93357,1.93373,1.00,1.00
2015.08.05 03:26:09.821,1.93354,1.93373,1.00,1.50
2015.08.05 03:26:09.977,1.93352,1.93371,1.37,1.00
2015.08.05 03:26:10.486,1.93352,1.93372,1.87,1.00
2015.08.05 03:26:10.638,1.93352,1.93372,2.25,1.00
2015.08.05 03:26:10.740,1.93356,1.93372,1.00,1.00
2015.08.05 03:26:11.372,1.93357,1.93372,1.00,1.00
2015.08.05 03:26:11.423,1.93357,1.93374,1.00,1.00
2015.08.05 03:26:12.300,1.93357,1.93374,1.37,1.00
2015.08.05 03:26:17.488,1.93357,1.93374,1.00,1.00
2015.08.05 03:26:19.718,1.93355,1.93374,1.00,1.00
2015.08.05 03:26:20.203,1.93351,1.93372,1.00,1.12
2015.08.05 03:26:20.739,1.9335,1.93372,1.50,1.12
2015.08.05 03:26:21.195,1.9335,1.93372,2.25,1.37
2015.08.05 03:26:21.405,1.9335,1.93372,2.25,1.12
2015.08.05 03:26:21.457,1.9335,1.93372,2.25,1.37
2015.08.05 03:26:21.558,1.9335,1.93372,2.25,1.12
2015.08.05 03:26:22.127,1.93352,1.93372,1.00,1.12
2015.08.05 03:26:22.431,1.93363,1.93382,1.50,1.00
2015.08.05 03:26:22.533,1.93365,1.93385,1.00,1.12
2015.08.05 03:26:22.685,1.9337,1.93385,1.00,1.00
2015.08.05 03:26:22.876,1.9337,1.93388,1.00,1.00
2015.08.05 03:26:25.670,1.93369,1.93388,1.00,1.00
2015.08.05 03:26:26.264,1.93375,1.93393,1.00,1.00
2015.08.05 03:26:26.775,1.93374,1.93393,1.00,1.00
2015.08.05 03:26:27.432,1.93376,1.93393,1.00,1.00
2015.08.05 03:26:27.585,1.93376,1.93395,1.50,1.12
2015.08.05 03:26:28.344,1.93375,1.93395,1.00,1.50
2015.08.05 03:26:28.395,1.93375,1.93395,1.00,1.50
2015.08.05 03:26:28.497,1.93375,1.93395,1.00,1.50
2015.08.05 03:26:29.037,1.93374,1.93394,1.00,1.00
2015.08.05 03:26:29.482,1.93377,1.93395,1.00,1.37
2015.08.05 03:26:31.107,1.93377,1.93395,1.50,1.00
2015.08.05 03:26:31.157,1.93375,1.93395,1.87,1.00
2015.08.05 03:26:31.259,1.93374,1.9339,1.00,1.00
2015.08.05 03:26:31.361,1.93373,1.93394,1.50,1.00
2015.08.05 03:26:31.514,1.93369,1.93389,1.00,1.00
2015.08.05 03:26:31.919,1.93367,1.9339,1.50,1.00
2015.08.05 03:26:32.159,1.93368,1.9339,1.00,1.37
2015.08.05 03:26:32.463,1.93371,1.93391,1.50,1.50
2015.08.05 03:26:34.716,1.93371,1.93391,1.50,1.50
2015.08.05 03:26:34.876,1.93371,1.93393,1.50,1.50
2015.08.05 03:26:35.129,1.93373,1.93393,1.00,1.00
2015.08.05 03:26:35.332,1.93371,1.93393,1.50,1.00
2015.08.05 03:26:35.943,1.9337,1.93393,1.00,1.50
2015.08.05 03:26:36.044,1.93372,1.93393,1.00,1.00
2015.08.05 03:26:36.363,1.9337,1.9339,1.00,1.00
2015.08.05 03:26:36.768,1.93368,1.9339,1.50,1.12
2015.08.05 03:26:39.049,1.93369,1.9339,1.00,1.12
2015.08.05 03:26:40.620,1.93369,1.9339,1.00,1.50
2015.08.05 03:26:40.924,1.93368,1.93387,1.00,1.87
2015.08.05 03:26:41.684,1.93367,1.93387,1.00,2.25
2015.08.05 03:26:43.733,1.93367,1.93387,1.50,1.87
2015.08.05 03:26:44.237,1.93367,1.93387,1.50,1.87
2015.08.05 03:26:54.218,1.93364,1.93387,3.00,1.37
2015.08.05 03:27:06.503,1.93365,1.93387,1.00,2.62
2015.08.05 03:27:06.706,1.93364,1.93384,1.50,1.00
2015.08.05 03:27:07.011,1.93366,1.93387,1.00,1.50
2015.08.05 03:27:07.209,1.93364,1.93386,1.87,1.12
2015.08.05 03:27:07.723,1.93365,1.93387,1.00,1.12
2015.08.05 03:27:08.727,1.93365,1.93387,1.00,1.50
2015.08.05 03:27:09.374,1.93369,1.93387,1.00,1.37
2015.08.05 03:27:09.779,1.93369,1.93389,1.50,1.00
2015.08.05 03:27:13.326,1.93369,1.93388,1.00,1.00
2015.08.05 03:27:13.479,1.93369,1.9339,1.12,1.12
2015.08.05 03:27:14.006,1.93369,1.9339,1.37,1.12
2015.08.05 03:27:15.950,1.93369,1.9339,1.12,1.00
2015.08.05 03:27:17.289,1.93368,1.9339,1.50,1.00
2015.08.05 03:27:18.658,1.93368,1.9339,1.50,1.37
2015.08.05 03:27:21.080,1.93368,1.9339,1.50,1.12
2015.08.05 03:27:28.200,1.93369,1.9339,1.00,1.12
2015.08.05 03:27:28.752,1.93369,1.9339,1.37,1.12
2015.08.05 03:27:31.261,1.93369,1.9339,1.87,1.00
2015.08.05 03:27:33.794,1.93368,1.9339,1.50,3.00
2015.08.05 03:27:34.005,1.93368,1.93388,1.00,1.00
2015.08.05 03:27:34.056,1.93365,1.93388,1.87,1.00
2015.08.05 03:27:36.027,1.93365,1.93388,1.87,1.12
2015.08.05 03:27:36.599,1.93367,1.93388,1.00,1.00
2015.08.05 03:27:40.238,1.93368,1.93388,1.00,1.12
2015.08.05 03:27:42.996,1.9337,1.93388,1.00,1.00
2015.08.05 03:27:43.490,1.93366,1.93386,1.37,1.00
2015.08.05 03:27:43.541,1.93363,1.93381,1.12,1.00
2015.08.05 03:27:43.745,1.9337,1.93391,1.00,1.00
2015.08.05 03:27:43.796,1.93376,1.93395,1.00,1.37
2015.08.05 03:27:44.101,1.93378,1.93397,1.00,1.12
2015.08.05 03:27:45.192,1.93377,1.93397,1.00,1.12
2015.08.05 03:27:46.275,1.93377,1.93397,1.00,1.50
2015.08.05 03:27:46.803,1.93377,1.93397,1.00,1.75
2015.08.05 03:27:47.339,1.93376,1.93395,1.00,1.00
2015.08.05 03:27:47.841,1.93376,1.93397,1.00,1.75
2015.08.05 03:27:49.614,1.93375,1.93397,1.00,2.25
2015.08.05 03:27:50.163,1.93374,1.93397,1.50,3.00
2015.08.05 03:27:50.817,1.93374,1.93397,1.50,3.00
2015.08.05 03:27:51.820,1.93374,1.93397,1.50,3.00
2015.08.05 03:27:54.868,1.93374,1.93396,1.00,1.75
2015.08.05 03:27:56.831,1.93374,1.93396,1.00,1.75
2015.08.05 03:27:57.608,1.93375,1.93397,1.12,3.37
2015.08.05 03:27:57.659,1.93382,1.93397,1.00,2.62
2015.08.05 03:27:57.761,1.93382,1.93397,1.00,1.50
2015.08.05 03:27:57.864,1.93379,1.93398,1.00,1.00
2015.08.05 03:27:58.067,1.93377,1.93398,1.50,1.00
2015.08.05 03:27:58.654,1.93377,1.93399,1.50,2.25
2015.08.05 03:27:59.763,1.93377,1.93399,1.00,2.25
2015.08.05 03:28:00.234,1.9338,1.93399,1.00,1.37
2015.08.05 03:28:00.485,1.93377,1.93399,1.87,1.87
2015.08.05 03:28:01.449,1.93376,1.93396,1.00,1.50
2015.08.05 03:28:02.752,1.93376,1.93396,1.00,1.50
2015.08.05 03:28:03.353,1.93374,1.93396,1.00,1.50
2015.08.05 03:28:04.749,1.93374,1.93396,1.00,1.75
2015.08.05 03:28:05.087,1.93375,1.93396,1.00,1.12
2015.08.05 03:28:05.138,1.93378,1.93396,1.00,1.12
2015.08.05 03:28:05.494,1.93376,1.93396,1.00,1.12
2015.08.05 03:28:06.501,1.93374,1.93396,1.00,1.50
2015.08.05 03:28:06.648,1.93374,1.93396,1.00,1.50
2015.08.05 03:28:16.638,1.93378,1.93396,1.37,1.37
2015.08.05 03:28:16.689,1.93378,1.93397,1.37,1.00
2015.08.05 03:28:16.892,1.93378,1.93399,1.37,1.00
2015.08.05 03:28:17.045,1.93381,1.934,1.00,1.12
2015.08.05 03:28:17.401,1.93383,1.93402,1.00,1.37
2015.08.05 03:28:17.988,1.93383,1.93402,1.00,1.00
2015.08.05 03:28:19.042,1.93383,1.93402,1.00,1.37
2015.08.05 03:28:19.983,1.93383,1.93402,1.00,1.00
2015.08.05 03:28:23.018,1.93383,1.93402,1.00,1.37
2015.08.05 03:28:24.023,1.93383,1.93402,1.00,1.00
2015.08.05 03:28:24.226,1.9338,1.93402,1.00,1.50
2015.08.05 03:28:24.481,1.9338,1.93399,1.00,1.00
2015.08.05 03:28:24.611,1.9338,1.93402,1.50,1.87
2015.08.05 03:28:24.712,1.9338,1.93399,1.00,1.00
2015.08.05 03:28:24.814,1.9338,1.93402,1.50,1.87
2015.08.05 03:28:25.017,1.9338,1.93402,1.50,2.25
2015.08.05 03:28:26.014,1.9338,1.934,1.00,1.12
2015.08.05 03:28:26.867,1.93381,1.934,1.12,1.12
2015.08.05 03:28:27.369,1.93382,1.934,1.00,1.00
2015.08.05 03:28:30.229,1.93382,1.93402,1.00,1.37
2015.08.05 03:28:30.748,1.9338,1.93402,1.87,1.87
2015.08.05 03:28:31.087,1.93378,1.93398,1.00,1.12
2015.08.05 03:28:31.392,1.93375,1.93396,2.62,1.00
2015.08.05 03:28:32.152,1.93376,1.93396,1.00,1.37
2015.08.05 03:28:33.135,1.93375,1.93396,1.87,1.12
2015.08.05 03:28:36.130,1.93375,1.93396,1.87,1.37
2015.08.05 03:28:36.444,1.93378,1.93396,1.00,1.37
2015.08.05 03:28:37.252,1.93378,1.93396,1.00,1.12
2015.08.05 03:28:39.612,1.93375,1.93396,1.50,1.12
2015.08.05 03:28:40.260,1.93375,1.93396,1.50,1.37
2015.08.05 03:28:41.461,1.93376,1.93396,1.00,1.37
2015.08.05 03:28:41.969,1.93377,1.93396,1.00,1.37
2015.08.05 03:28:42.273,1.93377,1.93396,1.00,1.12
2015.08.05 03:28:44.380,1.93377,1.93396,1.00,1.37
2015.08.05 03:28:45.348,1.93377,1.93396,1.00,1.37
2015.08.05 03:28:46.386,1.93377,1.93396,1.00,1.12
2015.08.05 03:28:50.649,1.93377,1.93396,1.00,1.37
2015.08.05 03:28:51.794,1.93377,1.93396,1.00,1.00
2015.08.05 03:28:54.605,1.93377,1.93396,1.00,1.37
2015.08.05 03:28:57.130,1.93382,1.93396,1.00,1.37
2015.08.05 03:28:57.333,1.93382,1.934,1.00,1.12
2015.08.05 03:28:57.435,1.93382,1.93402,1.00,1.50
2015.08.05 03:28:58.966,1.93381,1.93402,1.50,1.00
2015.08.05 03:28:59.371,1.93381,1.93402,1.50,1.75
2015.08.05 03:29:00.521,1.93382,1.93402,1.00,1.75
2015.08.05 03:29:01.071,1.93381,1.934,1.00,1.12
2015.08.05 03:29:04.502,1.93381,1.934,1.00,1.37
2015.08.05 03:29:06.483,1.93381,1.934,1.00,1.00
2015.08.05 03:29:07.023,1.9338,1.934,1.00,1.00
2015.08.05 03:29:07.787,1.9338,1.934,1.00,1.37
2015.08.05 03:29:08.793,1.9338,1.934,1.00,1.37
2015.08.05 03:29:10.318,1.9338,1.934,1.00,1.00
2015.08.05 03:29:10.724,1.93382,1.93402,1.00,1.37
2015.08.05 03:29:11.096,1.93382,1.93402,1.50,1.75
2015.08.05 03:29:11.198,1.9338,1.93399,1.00,1.37
2015.08.05 03:29:11.679,1.93383,1.934,1.00,1.37
2015.08.05 03:29:11.781,1.9338,1.934,1.00,1.37
2015.08.05 03:29:14.734,1.9338,1.93402,1.00,2.25
2015.08.05 03:29:14.785,1.93382,1.93402,1.00,2.25
2015.08.05 03:29:15.804,1.93382,1.93402,1.00,1.37
2015.08.05 03:29:18.925,1.93382,1.93402,1.00,1.00
2015.08.05 03:29:19.998,1.9338,1.93402,1.00,1.12
2015.08.05 03:29:20.156,1.9338,1.934,1.00,1.00
2015.08.05 03:29:20.674,1.9338,1.93399,1.00,1.00
2015.08.05 03:29:21.792,1.93378,1.93399,1.50,1.12
2015.08.05 03:29:21.945,1.93378,1.93395,1.00,1.00
2015.08.05 03:29:22.099,1.93375,1.93395,1.00,1.00
2015.08.05 03:29:25.817,1.93375,1.93394,1.00,1.00
2015.08.05 03:29:26.424,1.93375,1.93393,1.00,1.00
2015.08.05 03:29:27.045,1.93374,1.93393,1.00,1.00
2015.08.05 03:29:27.774,1.93374,1.93394,1.00,1.50
2015.08.05 03:29:30.049,1.93375,1.93394,1.00,1.00
2015.08.05 03:29:30.378,1.93375,1.93397,1.50,2.25
2015.08.05 03:29:34.972,1.93376,1.93397,1.37,2.25
2015.08.05 03:29:35.317,1.93387,1.93407,1.50,1.12
2015.08.05 03:29:35.673,1.93382,1.93406,3.00,1.50
2015.08.05 03:29:35.725,1.93382,1.93401,1.00,1.00
2015.08.05 03:29:35.929,1.93376,1.93397,1.00,1.00
2015.08.05 03:29:36.290,1.93374,1.93393,1.00,1.00
2015.08.05 03:29:36.800,1.93374,1.93388,1.00,1.00
2015.08.05 03:29:36.954,1.9337,1.93388,1.50,1.00
2015.08.05 03:29:37.482,1.93369,1.93387,1.00,1.00
2015.08.05 03:29:37.990,1.93369,1.93388,1.00,1.00
2015.08.05 03:29:38.506,1.93369,1.93388,1.37,1.00
2015.08.05 03:29:39.084,1.93369,1.93388,1.00,1.00
2015.08.05 03:29:50.559,1.93367,1.93388,1.00,1.00
2015.08.05 03:29:51.070,1.93366,1.93388,1.00,1.00
2015.08.05 03:29:51.374,1.93366,1.93386,1.00,1.00
2015.08.05 03:29:54.501,1.93366,1.93385,1.00,1.00
2015.08.05 03:29:54.755,1.93366,1.93387,1.00,1.00
2015.08.05 03:29:55.190,1.93366,1.93389,1.12,1.12
2015.08.05 03:29:55.697,1.93366,1.93388,1.00,1.00
2015.08.05 03:30:00.946,1.93367,1.93389,1.00,1.87
2015.08.05 03:30:03.245,1.93366,1.93389,1.87,2.25
2015.08.05 03:30:03.752,1.93367,1.93389,1.00,1.50
2015.08.05 03:30:10.573,1.93367,1.93382,1.00,1.00
2015.08.05 03:30:10.776,1.9336,1.93379,1.50,1.00
2015.08.05 03:30:10.878,1.93358,1.93378,1.00,1.00
2015.08.05 03:30:11.136,1.93363,1.93378,1.00,1.00
2015.08.05 03:30:11.238,1.93359,1.93378,1.00,1.00
2015.08.05 03:30:11.614,1.93359,1.9338,1.87,1.00
2015.08.05 03:30:12.241,1.93359,1.9338,1.50,1.00
2015.08.05 03:30:12.293,1.93361,1.93382,1.00,1.00
2015.08.05 03:30:12.599,1.93365,1.93386,1.12,1.00
2015.08.05 03:30:14.956,1.93365,1.93381,1.00,1.00
2015.08.05 03:30:15.211,1.9336,1.93378,1.00,1.00
2015.08.05 03:30:15.484,1.9336,1.9338,1.00,1.00
2015.08.05 03:30:15.855,1.93363,1.9338,1.00,1.00
2015.08.05 03:30:16.970,1.93362,1.9338,1.00,1.00
2015.08.05 03:30:17.391,1.9336,1.9338,1.00,1.00
2015.08.05 03:30:18.094,1.93363,1.9338,1.00,1.00
2015.08.05 03:30:18.610,1.93363,1.93382,1.00,1.00
2015.08.05 03:30:19.127,1.93364,1.93382,1.00,1.00
2015.08.05 03:30:19.229,1.93364,1.93383,1.37,1.00
2015.08.05 03:30:19.413,1.93367,1.93387,1.37,1.00
2015.08.05 03:30:21.188,1.93368,1.93389,1.50,1.00
2015.08.05 03:30:22.418,1.93368,1.93389,1.87,1.00
2015.08.05 03:30:22.928,1.93368,1.93389,1.87,1.00
2015.08.05 03:30:29.288,1.93368,1.93389,3.00,1.00
2015.08.05 03:30:29.593,1.93371,1.93389,1.37,1.00
2015.08.05 03:30:29.694,1.93371,1.93391,1.87,1.00
2015.08.05 03:30:30.000,1.93376,1.93391,1.00,1.00
2015.08.05 03:30:30.057,1.93376,1.93394,1.00,1.00
2015.08.05 03:30:30.498,1.93373,1.93394,1.50,1.00
2015.08.05 03:30:30.702,1.93375,1.93395,1.00,1.00
2015.08.05 03:30:31.007,1.93375,1.93392,1.00,1.00
2015.08.05 03:30:31.160,1.93373,1.93391,1.00,1.00
2015.08.05 03:30:31.706,1.93372,1.93391,1.00,1.00
2015.08.05 03:30:32.120,1.93372,1.93389,1.00,1.00
2015.08.05 03:30:32.222,1.93369,1.93389,1.00,1.50
2015.08.05 03:30:32.375,1.93369,1.93387,1.00,1.00
2015.08.05 03:30:32.476,1.93367,1.93387,1.00,1.00
2015.08.05 03:30:32.527,1.93364,1.93387,2.62,1.00
2015.08.05 03:30:32.579,1.93367,1.93387,1.00,1.00
2015.08.05 03:30:32.883,1.93368,1.93388,1.37,1.00
2015.08.05 03:30:33.434,1.93367,1.93388,1.87,1.50
2015.08.05 03:30:33.738,1.93363,1.93383,1.87,1.00
2015.08.05 03:30:34.498,1.93362,1.93383,3.00,1.00
2015.08.05 03:30:34.855,1.93363,1.93381,1.00,1.00
2015.08.05 03:30:35.475,1.93359,1.93381,1.37,1.00
2015.08.05 03:30:36.013,1.93362,1.93381,1.37,1.00
2015.08.05 03:30:38.882,1.93362,1.93381,1.37,1.00
2015.08.05 03:30:39.187,1.93364,1.93381,1.37,1.00
2015.08.05 03:30:39.339,1.93364,1.93383,1.50,1.00
2015.08.05 03:30:39.491,1.93368,1.93386,1.00,1.00
2015.08.05 03:30:39.987,1.93371,1.93388,1.12,1.00
2015.08.05 03:30:40.291,1.93372,1.93388,1.37,1.00
2015.08.05 03:30:40.393,1.93372,1.93392,1.37,1.00
2015.08.05 03:30:40.901,1.93375,1.93392,1.00,1.00
2015.08.05 03:30:42.247,1.93376,1.93392,1.00,1.00
2015.08.05 03:30:42.298,1.93376,1.93395,1.12,1.00
2015.08.05 03:30:42.399,1.93376,1.93395,1.37,1.00
2015.08.05 03:30:42.501,1.93376,1.93397,1.37,1.50
2015.08.05 03:30:43.069,1.93381,1.93399,1.00,1.00
2015.08.05 03:30:47.622,1.93379,1.93399,1.00,1.50
2015.08.05 03:30:50.028,1.93377,1.93396,1.50,1.00
2015.08.05 03:30:53.707,1.93378,1.93396,1.00,1.00
2015.08.05 03:30:54.253,1.93379,1.93396,1.00,1.00
2015.08.05 03:30:54.769,1.93378,1.93396,1.87,1.00
2015.08.05 03:30:57.092,1.93379,1.93396,1.00,1.00
2015.08.05 03:30:57.751,1.93378,1.93396,1.87,1.00
2015.08.05 03:30:59.695,1.93378,1.93397,1.12,1.00
2015.08.05 03:31:01.110,1.93377,1.93397,2.25,1.00
2015.08.05 03:31:01.415,1.93381,1.93397,1.00,1.00
2015.08.05 03:31:01.516,1.93378,1.93397,1.12,1.00
2015.08.05 03:31:02.022,1.93379,1.93397,1.12,1.00
2015.08.05 03:31:02.528,1.9338,1.93397,1.12,1.00
2015.08.05 03:31:03.358,1.93378,1.93397,1.00,1.00
2015.08.05 03:31:03.867,1.93379,1.93397,1.00,1.00
2015.08.05 03:31:04.375,1.93378,1.93397,1.00,1.00
2015.08.05 03:31:04.629,1.9338,1.93397,1.00,1.00
2015.08.05 03:31:12.779,1.93378,1.93396,1.00,1.00
2015.08.05 03:31:12.881,1.93378,1.93394,1.00,1.00
2015.08.05 03:31:13.174,1.93372,1.93389,1.00,1.00
2015.08.05 03:31:13.684,1.93372,1.9339,1.50,1.00
2015.08.05 03:31:14.192,1.93373,1.9339,1.00,1.00
2015.08.05 03:31:14.464,1.93373,1.93392,1.00,1.00
2015.08.05 03:31:14.516,1.93377,1.93392,1.00,1.00
2015.08.05 03:31:14.618,1.93373,1.93392,1.37,1.00
2015.08.05 03:31:14.974,1.93376,1.93395,1.00,1.00
2015.08.05 03:31:15.584,1.93373,1.93395,1.37,1.00
2015.08.05 03:31:16.138,1.93373,1.93394,1.37,1.00
2015.08.05 03:31:16.753,1.93372,1.93394,1.87,1.00
2015.08.05 03:31:18.690,1.93372,1.9339,1.50,1.00
2015.08.05 03:31:18.792,1.93367,1.93387,1.87,1.00
2015.08.05 03:31:20.007,1.93367,1.93387,1.37,1.00
2015.08.05 03:31:21.192,1.93372,1.9339,1.50,1.00
2015.08.05 03:31:21.295,1.93371,1.93392,1.00,1.00
2015.08.05 03:31:21.397,1.93371,1.93392,1.37,1.00
2015.08.05 03:31:21.904,1.93372,1.93392,1.00,1.00
2015.08.05 03:31:23.202,1.9337,1.93392,1.00,1.00
2015.08.05 03:31:23.253,1.93369,1.93392,2.62,1.00
2015.08.05 03:31:23.856,1.93371,1.93392,1.12,1.00
2015.08.05 03:31:25.716,1.93372,1.9339,1.00,1.00
2015.08.05 03:31:25.971,1.93371,1.93392,1.00,1.50
2015.08.05 03:31:26.163,1.93373,1.93387,1.00,1.00
2015.08.05 03:31:26.676,1.93372,1.93387,1.00,1.00
2015.08.05 03:31:27.184,1.93372,1.9339,1.00,1.00
2015.08.05 03:31:27.716,1.93373,1.9339,1.00,1.50
2015.08.05 03:31:28.508,1.9337,1.9339,1.00,1.00
2015.08.05 03:31:29.031,1.9337,1.93389,1.00,1.00
2015.08.05 03:31:29.540,1.93369,1.9339,1.50,1.50
2015.08.05 03:31:30.519,1.93369,1.9339,1.87,1.50
2015.08.05 03:31:30.620,1.9337,1.9339,1.37,1.50
2015.08.05 03:31:30.925,1.93378,1.9339,1.00,1.00
2015.08.05 03:31:30.976,1.93378,1.93395,1.00,1.00
2015.08.05 03:31:31.942,1.93379,1.93395,1.00,1.00
2015.08.05 03:31:32.094,1.93379,1.93397,1.00,1.00
2015.08.05 03:31:32.298,1.93379,1.93399,1.00,1.00
2015.08.05 03:31:32.902,1.93379,1.93399,1.37,1.00
2015.08.05 03:31:33.104,1.93379,1.93399,2.25,1.00
2015.08.05 03:31:33.612,1.9338,1.934,1.37,1.00
2015.08.05 03:31:34.306,1.93379,1.934,3.00,1.00
2015.08.05 03:31:35.202,1.9338,1.934,1.37,1.00
2015.08.05 03:31:35.752,1.93383,1.934,1.00,1.00
2015.08.05 03:31:36.876,1.93381,1.934,1.50,1.00
2015.08.05 03:31:38.392,1.93381,1.934,1.37,1.00
2015.08.05 03:31:38.972,1.93383,1.934,1.00,1.00
2015.08.05 03:31:40.648,1.93382,1.934,1.87,1.00
2015.08.05 03:32:07.867,1.9338,1.934,1.00,1.00
2015.08.05 03:32:08.374,1.93381,1.934,1.00,1.00
2015.08.05 03:32:19.358,1.93381,1.934,1.37,1.00
2015.08.05 03:32:22.150,1.93383,1.934,1.00,1.00
2015.08.05 03:32:24.016,1.93383,1.934,1.87,1.00
2015.08.05 03:32:24.706,1.93384,1.93402,1.00,1.00
2015.08.05 03:32:28.944,1.93383,1.93402,1.12,1.00
2015.08.05 03:32:29.827,1.93382,1.93402,1.50,1.00
2015.08.05 03:32:29.980,1.93381,1.93398,1.00,1.00
2015.08.05 03:32:30.234,1.93377,1.93399,3.00,1.00
2015.08.05 03:32:33.053,1.93377,1.93398,2.25,1.00
2015.08.05 03:32:33.306,1.93377,1.93396,1.50,1.00
2015.08.05 03:32:35.851,1.93377,1.93397,1.87,1.00
2015.08.05 03:32:36.423,1.93378,1.93397,1.12,1.00
2015.08.05 03:32:38.344,1.93377,1.93397,1.50,1.00
2015.08.05 03:32:47.462,1.93378,1.93397,1.00,1.00
2015.08.05 03:32:48.032,1.93378,1.93397,1.20,1.00
2015.08.05 03:32:49.393,1.93378,1.93395,1.07,1.00
2015.08.05 03:32:49.665,1.93372,1.93392,1.50,1.50
2015.08.05 03:32:49.717,1.93372,1.93392,1.00,1.50
2015.08.05 03:32:50.246,1.9337,1.93391,1.95,1.00
2015.08.05 03:32:52.220,1.93374,1.93392,1.00,1.00
2015.08.05 03:32:52.525,1.93377,1.93397,1.87,1.00
2015.08.05 03:32:53.053,1.93378,1.93397,1.20,1.00
2015.08.05 03:32:53.559,1.93379,1.93397,1.00,1.00
2015.08.05 03:32:58.399,1.93379,1.93397,1.37,1.00
2015.08.05 03:32:59.401,1.93379,1.93397,1.20,1.00
2015.08.05 03:33:04.793,1.93376,1.93395,1.57,1.00
2015.08.05 03:33:05.340,1.93375,1.93396,1.95,1.00
2015.08.05 03:33:05.846,1.93375,1.93395,1.10,1.00
2015.08.05 03:33:06.481,1.93375,1.93392,1.10,1.00
2015.08.05 03:33:06.634,1.93373,1.93392,1.00,1.50
2015.08.05 03:33:06.685,1.93373,1.9339,1.00,1.00
2015.08.05 03:33:06.787,1.93371,1.9339,1.65,1.00
2015.08.05 03:33:10.659,1.93371,1.93388,1.00,1.00
2015.08.05 03:33:10.761,1.93368,1.93388,1.12,1.00
2015.08.05 03:33:10.864,1.93368,1.93384,1.12,1.00
2015.08.05 03:33:11.370,1.93368,1.93384,1.00,1.00
2015.08.05 03:33:14.323,1.93368,1.93386,1.12,1.00
2015.08.05 03:33:22.602,1.93368,1.93386,1.37,1.00
2015.08.05 03:33:23.414,1.93368,1.93386,1.00,1.00
2015.08.05 03:33:23.917,1.93365,1.93386,1.50,1.00
2015.08.05 03:33:26.626,1.93368,1.93386,1.00,1.00
2015.08.05 03:33:27.081,1.93368,1.93388,1.50,1.00
2015.08.05 03:33:33.503,1.93368,1.93388,1.87,1.00
2015.08.05 03:33:33.604,1.93367,1.93388,1.50,1.87
2015.08.05 03:33:33.706,1.93365,1.93384,1.10,1.00
2015.08.05 03:33:34.011,1.93363,1.93382,1.50,1.00
2015.08.05 03:33:34.618,1.93363,1.93381,1.00,1.00
2015.08.05 03:33:34.669,1.93361,1.93381,1.00,1.00
2015.08.05 03:33:35.712,1.93361,1.93382,1.00,1.00
2015.08.05 03:33:37.277,1.93361,1.93382,1.00,1.37
2015.08.05 03:33:37.581,1.93361,1.93382,1.00,2.25
2015.08.05 03:33:38.097,1.9336,1.9338,1.00,1.37
2015.08.05 03:33:38.502,1.9336,1.93381,1.00,1.12
2015.08.05 03:33:39.822,1.9336,1.93382,1.00,1.50
2015.08.05 03:33:41.776,1.9336,1.93382,1.00,2.25
2015.08.05 03:33:41.979,1.9336,1.93382,1.00,2.25
2015.08.05 03:33:42.283,1.9336,1.93377,1.00,1.37
2015.08.05 03:33:42.334,1.93358,1.93376,1.00,1.12
2015.08.05 03:33:42.436,1.93358,1.93374,1.00,1.00
2015.08.05 03:33:42.588,1.93354,1.93374,1.00,1.00
2015.08.05 03:33:42.930,1.93354,1.93372,1.00,1.00
2015.08.05 03:33:43.324,1.93351,1.93372,2.25,1.50
2015.08.05 03:33:44.429,1.93352,1.93372,1.00,1.00
2015.08.05 03:33:45.320,1.93351,1.93372,2.25,1.00
2015.08.05 03:33:45.823,1.93352,1.93372,1.00,1.00
2015.08.05 03:33:47.753,1.93357,1.93372,1.00,1.00
2015.08.05 03:33:47.856,1.93357,1.93375,1.00,1.00
2015.08.05 03:33:47.907,1.93358,1.93378,1.00,2.25
2015.08.05 03:33:47.958,1.93362,1.93378,1.00,1.37
2015.08.05 03:33:48.161,1.93365,1.93381,1.00,1.00
2015.08.05 03:33:48.263,1.93365,1.93387,1.00,1.00
2015.08.05 03:33:48.416,1.93368,1.93387,1.00,1.00
2015.08.05 03:33:48.942,1.93368,1.9339,1.87,1.00
2015.08.05 03:33:49.043,1.93372,1.9339,1.00,1.00
2015.08.05 03:33:51.246,1.93372,1.93393,1.00,1.50
2015.08.05 03:33:54.968,1.93373,1.93393,1.00,2.25
2015.08.05 03:34:06.473,1.93372,1.93393,1.00,1.50
2015.08.05 03:34:09.641,1.93373,1.93393,1.00,1.50
2015.08.05 03:34:09.895,1.93377,1.93393,1.00,1.12
2015.08.05 03:34:10.047,1.9338,1.93397,1.00,1.00
2015.08.05 03:34:10.434,1.93382,1.93398,1.00,1.00
2015.08.05 03:34:11.167,1.93382,1.93401,1.00,1.00
2015.08.05 03:34:13.214,1.93381,1.93401,1.00,1.12
2015.08.05 03:34:13.724,1.93381,1.93401,1.00,1.37
2015.08.05 03:34:14.397,1.93381,1.93401,1.00,1.12
2015.08.05 03:34:15.280,1.9338,1.93401,1.50,1.50
2015.08.05 03:34:15.533,1.93377,1.93397,2.25,1.00
2015.08.05 03:34:16.042,1.93378,1.93399,1.00,1.00
2015.08.05 03:34:16.517,1.9338,1.93399,1.00,1.00
2015.08.05 03:34:16.931,1.9338,1.93402,1.00,1.37
2015.08.05 03:34:17.466,1.93381,1.93402,1.00,1.12
2015.08.05 03:34:17.818,1.93379,1.93402,1.50,1.12
2015.08.05 03:34:18.123,1.93383,1.93402,1.00,1.12
2015.08.05 03:34:18.426,1.93379,1.93402,1.00,1.87
2015.08.05 03:34:18.882,1.93382,1.93402,1.00,1.50
2015.08.05 03:34:19.891,1.93383,1.93402,1.00,1.00
2015.08.05 03:34:22.949,1.93382,1.93402,1.50,1.00
2015.08.05 03:34:27.544,1.93383,1.93402,1.00,1.00
2015.08.05 03:34:38.493,1.93384,1.93402,1.00,1.00
2015.08.05 03:34:38.747,1.93382,1.93402,1.12,1.00
2015.08.05 03:34:39.282,1.93383,1.93402,1.00,1.00
2015.08.05 03:34:39.535,1.9338,1.93402,1.50,1.00
2015.08.05 03:34:40.071,1.9338,1.93402,1.12,1.00
2015.08.05 03:34:41.003,1.93381,1.93402,1.00,1.00
2015.08.05 03:34:41.691,1.93382,1.93402,1.00,1.00
2015.08.05 03:34:55.387,1.93381,1.93402,1.50,1.00
2015.08.05 03:34:55.741,1.93383,1.93402,1.00,1.50
2015.08.05 03:34:56.147,1.93381,1.93402,1.12,1.50
2015.08.05 03:34:56.655,1.93382,1.93402,1.00,1.87
2015.08.05 03:34:57.166,1.93383,1.93402,1.00,1.87
2015.08.05 03:34:59.026,1.93382,1.93402,1.00,1.87
2015.08.05 03:34:59.127,1.9338,1.93402,1.00,1.87
2015.08.05 03:34:59.790,1.93383,1.93402,1.00,1.87
2015.08.05 03:35:01.550,1.9338,1.93402,1.00,1.87
2015.08.05 03:35:02.057,1.9338,1.93402,1.00,1.87
2015.08.05 03:35:06.146,1.93381,1.93402,1.00,1.37
2015.08.05 03:35:08.845,1.93381,1.93402,1.00,1.12
2015.08.05 03:35:10.805,1.93383,1.93402,1.00,1.00
2015.08.05 03:35:11.110,1.93383,1.93405,1.50,1.12
2015.08.05 03:35:11.617,1.93384,1.93405,1.50,1.00
2015.08.05 03:35:14.968,1.93388,1.93405,1.00,1.00
2015.08.05 03:35:15.322,1.93384,1.93405,2.25,1.00
2015.08.05 03:35:16.761,1.93385,1.93407,1.00,1.12
2015.08.05 03:35:30.165,1.93388,1.93407,1.00,1.00
2015.08.05 03:35:34.696,1.93385,1.93407,3.37,1.00
2015.08.05 03:35:39.284,1.93387,1.93407,1.00,1.12
2015.08.05 03:35:42.254,1.93387,1.93407,1.84,1.00
2015.08.05 03:35:42.407,1.93396,1.93416,1.00,1.10
2015.08.05 03:35:42.699,1.93396,1.93413,1.00,1.00
2015.08.05 03:35:42.903,1.93392,1.93412,1.00,1.00
2015.08.05 03:35:43.410,1.93393,1.93412,1.00,1.00
2015.08.05 03:35:44.356,1.93391,1.93412,1.00,1.12
2015.08.05 03:35:46.321,1.93392,1.93412,1.00,1.12
2015.08.05 03:35:46.841,1.93393,1.93412,1.00,1.37
2015.08.05 03:35:46.943,1.93393,1.93408,1.00,1.00
2015.08.05 03:35:47.045,1.93393,1.93411,1.00,1.12
2015.08.05 03:35:50.623,1.9339,1.93411,1.50,1.12
2015.08.05 03:35:50.934,1.93392,1.93411,1.00,1.12
2015.08.05 03:35:52.050,1.9339,1.93411,1.50,1.12
2015.08.05 03:35:52.736,1.93392,1.93409,1.00,1.00
2015.08.05 03:35:53.142,1.93389,1.93409,1.00,1.12
2015.08.05 03:35:53.502,1.9339,1.9341,1.37,1.00
2015.08.05 03:35:53.818,1.93394,1.93414,1.00,1.12
2015.08.05 03:35:54.175,1.93394,1.9341,1.00,1.00
2015.08.05 03:35:54.327,1.93391,1.9341,1.00,1.00
2015.08.05 03:35:56.400,1.9339,1.93407,1.00,1.00
2015.08.05 03:35:56.553,1.9339,1.9341,1.00,1.37
2015.08.05 03:35:56.774,1.93387,1.93408,1.00,1.00
2015.08.05 03:36:00.634,1.93388,1.93409,1.00,1.37
2015.08.05 03:36:00.736,1.93389,1.93411,1.00,1.87
2015.08.05 03:36:01.243,1.93389,1.93411,1.00,1.87
2015.08.05 03:36:01.751,1.93389,1.93411,1.00,1.00
2015.08.05 03:36:02.567,1.93391,1.93411,1.00,1.00
2015.08.05 03:36:02.669,1.93392,1.93414,1.00,1.50
2015.08.05 03:36:02.720,1.93394,1.93414,1.00,1.00
2015.08.05 03:36:02.823,1.93395,1.93416,1.00,1.00
2015.08.05 03:36:03.335,1.93396,1.93416,1.00,1.00
2015.08.05 03:36:04.005,1.93395,1.93416,1.00,1.37
2015.08.05 03:36:04.523,1.93394,1.93416,1.00,1.37
2015.08.05 03:36:04.726,1.93396,1.93416,1.00,1.37
2015.08.05 03:36:05.041,1.93394,1.93416,1.00,1.37
2015.08.05 03:36:05.206,1.93394,1.93416,1.00,1.37
2015.08.05 03:36:07.100,1.93393,1.93416,3.00,1.75
2015.08.05 03:36:08.639,1.93393,1.93412,1.00,1.37
2015.08.05 03:36:08.807,1.93391,1.93412,1.00,1.37
2015.08.05 03:36:09.162,1.9339,1.9341,1.00,1.37
2015.08.05 03:36:10.545,1.9339,1.9341,1.00,1.00
2015.08.05 03:36:15.160,1.93388,1.93408,1.50,1.00
2015.08.05 03:36:17.742,1.93388,1.93408,1.00,1.37
2015.08.05 03:36:19.748,1.93388,1.93408,1.00,1.00
2015.08.05 03:36:28.427,1.9339,1.93408,1.00,1.00
2015.08.05 03:36:28.886,1.9339,1.93413,1.00,1.50
2015.08.05 03:36:28.987,1.93392,1.93412,1.00,1.37
2015.08.05 03:36:30.669,1.93392,1.93412,1.00,1.00
2015.08.05 03:36:30.974,1.93393,1.93412,3.37,1.00
2015.08.05 03:36:31.123,1.93395,1.93416,1.00,1.00
2015.08.05 03:36:35.178,1.93401,1.93416,1.00,1.00
2015.08.05 03:36:35.346,1.93398,1.93417,1.00,1.00
2015.08.05 03:36:35.854,1.93397,1.93417,1.00,1.00
2015.08.05 03:36:42.335,1.93396,1.93417,1.00,1.37
2015.08.05 03:36:45.451,1.93396,1.93417,1.00,1.12
2015.08.05 03:36:49.648,1.93397,1.93417,1.00,1.12
2015.08.05 03:36:51.377,1.93398,1.93417,1.00,1.00
2015.08.05 03:36:51.681,1.93395,1.93417,1.50,1.00
2015.08.05 03:36:51.733,1.93395,1.93414,1.50,1.37
2015.08.05 03:36:51.887,1.93391,1.93411,1.00,1.37
2015.08.05 03:36:52.188,1.93393,1.93411,1.00,1.50
2015.08.05 03:36:52.543,1.93391,1.93411,1.00,1.50
2015.08.05 03:36:54.970,1.93393,1.93411,1.00,1.50
2015.08.05 03:36:55.071,1.93391,1.93411,1.00,1.50
2015.08.05 03:36:56.419,1.93392,1.93411,1.00,1.00
2015.08.05 03:36:56.975,1.93391,1.93411,1.50,1.00
2015.08.05 03:36:57.483,1.93391,1.93412,1.50,1.50
2015.08.05 03:36:58.025,1.93391,1.93411,1.50,1.00
2015.08.05 03:36:59.692,1.93391,1.93412,2.62,1.00
2015.08.05 03:36:59.743,1.93394,1.93412,1.00,1.00
2015.08.05 03:37:00.660,1.93395,1.93412,1.00,1.00
2015.08.05 03:37:01.271,1.93395,1.93416,1.00,1.12
2015.08.05 03:37:02.126,1.93395,1.93416,1.37,1.00
2015.08.05 03:37:02.673,1.93397,1.93417,1.50,1.50
2015.08.05 03:37:04.604,1.93397,1.93417,1.00,1.87
2015.08.05 03:37:05.060,1.93394,1.93417,1.00,1.37
2015.08.05 03:37:06.806,1.93394,1.93416,1.00,1.75
2015.08.05 03:37:07.111,1.93392,1.93413,1.50,1.12
2015.08.05 03:37:09.534,1.93392,1.93413,1.00,1.50
2015.08.05 03:37:19.423,1.93392,1.9341,1.00,1.00
2015.08.05 03:37:19.577,1.93392,1.93413,1.00,1.50
2015.08.05 03:37:23.149,1.93392,1.93413,1.00,1.75
2015.08.05 03:37:23.200,1.93389,1.93409,1.00,1.00
2015.08.05 03:37:23.251,1.93389,1.93409,1.00,1.37
2015.08.05 03:37:23.353,1.93387,1.93407,1.00,1.37
2015.08.05 03:37:23.455,1.93386,1.93407,1.00,1.37
2015.08.05 03:37:25.969,1.93386,1.93407,1.00,2.25
2015.08.05 03:37:26.777,1.93387,1.93407,1.00,1.50
2015.08.05 03:37:30.866,1.93387,1.93404,1.00,1.00
2015.08.05 03:37:31.374,1.93388,1.93404,1.00,1.00
2015.08.05 03:37:32.372,1.93384,1.93404,1.50,1.37
2015.08.05 03:37:32.881,1.93384,1.93404,1.00,1.37
2015.08.05 03:37:34.483,1.93384,1.93404,1.00,1.00
2015.08.05 03:37:35.332,1.93388,1.93404,1.00,1.00
2015.08.05 03:37:38.539,1.93384,1.93404,2.25,1.00
2015.08.05 03:37:38.590,1.93384,1.93404,2.25,1.37
2015.08.05 03:37:38.743,1.9338,1.93401,1.00,1.37
2015.08.05 03:37:38.896,1.93378,1.93397,1.50,1.37
2015.08.05 03:37:43.819,1.93378,1.93398,1.00,1.50
2015.08.05 03:37:44.348,1.93377,1.93398,1.50,1.50
2015.08.05 03:37:44.703,1.93382,1.93398,1.00,1.00
2015.08.05 03:37:44.856,1.93382,1.934,1.87,1.00
2015.08.05 03:37:44.907,1.93382,1.934,1.87,1.00
2015.08.05 03:37:45.312,1.93384,1.93404,1.37,1.00
2015.08.05 03:37:45.414,1.93384,1.93404,1.37,1.00
2015.08.05 03:37:45.784,1.93388,1.93404,1.00,1.00
2015.08.05 03:37:45.911,1.93385,1.93404,1.12,1.00
2015.08.05 03:37:46.012,1.93388,1.93404,1.00,1.00
2015.08.05 03:37:46.658,1.93387,1.93404,1.00,1.00
2015.08.05 03:37:46.982,1.93385,1.93404,1.12,1.00
2015.08.05 03:37:47.135,1.93388,1.93404,1.00,1.00
2015.08.05 03:37:47.569,1.93383,1.93404,1.95,1.00
2015.08.05 03:37:47.620,1.93383,1.93404,1.95,1.00
2015.08.05 03:37:49.881,1.93388,1.93404,1.00,1.00
2015.08.05 03:37:50.012,1.93388,1.93406,1.12,1.00
2015.08.05 03:37:51.518,1.93388,1.93407,1.00,1.00
2015.08.05 03:38:05.827,1.93387,1.93407,1.50,1.12
2015.08.05 03:38:06.331,1.93388,1.93407,1.00,1.12
2015.08.05 03:38:15.625,1.93387,1.93407,1.50,1.12
2015.08.05 03:38:17.345,1.93388,1.93407,1.00,1.00
2015.08.05 03:38:17.852,1.93387,1.93407,1.00,1.00
2015.08.05 03:38:22.756,1.93393,1.93407,1.00,1.00
2015.08.05 03:38:23.112,1.93392,1.93411,1.00,1.00
2015.08.05 03:38:23.418,1.9339,1.93411,1.12,1.50
2015.08.05 03:38:26.185,1.93393,1.93411,1.00,1.00
2015.08.05 03:38:36.499,1.9339,1.93411,1.12,1.00
2015.08.05 03:38:36.956,1.93392,1.93411,1.00,1.00
2015.08.05 03:38:40.925,1.9339,1.93411,1.50,1.00
2015.08.05 03:38:42.588,1.9339,1.93411,1.00,1.87
2015.08.05 03:38:43.114,1.9339,1.93411,1.00,1.87
2015.08.05 03:38:46.728,1.93392,1.93414,1.50,1.00
2015.08.05 03:38:46.931,1.93395,1.93415,1.00,1.00
2015.08.05 03:38:48.046,1.93395,1.93414,1.00,1.00
2015.08.05 03:38:50.565,1.93395,1.93412,1.00,1.00
2015.08.05 03:38:50.718,1.93385,1.93405,1.00,1.00
2015.08.05 03:38:50.770,1.93382,1.93402,1.87,1.00
2015.08.05 03:38:51.291,1.93383,1.93402,1.00,1.00
2015.08.05 03:38:53.987,1.93383,1.93401,1.00,1.00
2015.08.05 03:38:58.064,1.93383,1.93402,1.00,1.00
2015.08.05 03:39:03.999,1.93382,1.93402,1.00,1.00
2015.08.05 03:39:04.879,1.93382,1.934,1.00,1.37
2015.08.05 03:39:04.981,1.93378,1.93398,2.25,1.12
2015.08.05 03:39:05.082,1.93378,1.93396,2.25,1.00
2015.08.05 03:39:05.336,1.93376,1.93396,1.00,1.87
2015.08.05 03:39:05.862,1.93376,1.93395,1.00,1.00
2015.08.05 03:39:13.447,1.93376,1.93396,1.00,1.12
2015.08.05 03:39:16.468,1.93373,1.93397,4.50,1.00
2015.08.05 03:39:16.991,1.93377,1.93398,1.00,1.00
2015.08.05 03:39:35.442,1.93375,1.93392,1.12,1.00
2015.08.05 03:39:35.544,1.93371,1.93389,1.00,1.50
2015.08.05 03:39:36.305,1.93371,1.93394,1.00,1.00
2015.08.05 03:39:36.406,1.93373,1.93393,1.00,1.00
2015.08.05 03:39:36.846,1.93373,1.93393,1.37,1.00
2015.08.05 03:39:36.949,1.93375,1.93395,2.62,1.00
2015.08.05 03:39:37.000,1.93376,1.934,1.12,1.87
2015.08.05 03:39:37.608,1.93378,1.934,1.00,1.87
2015.08.05 03:39:41.375,1.93378,1.934,1.37,1.50
2015.08.05 03:39:41.680,1.93385,1.93403,1.00,1.50
2015.08.05 03:39:41.985,1.9338,1.93401,1.00,1.00
2015.08.05 03:39:42.315,1.9338,1.93399,1.00,1.00
2015.08.05 03:39:43.582,1.9338,1.93397,1.00,1.00
2015.08.05 03:39:43.683,1.93376,1.93397,1.87,1.00
2015.08.05 03:39:52.748,1.93376,1.93396,1.50,1.00
2015.08.05 03:39:55.151,1.93376,1.93397,1.50,1.00
2015.08.05 03:39:55.406,1.93376,1.93398,1.87,1.00
2015.08.05 03:39:55.559,1.9338,1.93401,1.12,1.50
2015.08.05 03:39:55.661,1.93384,1.93401,1.00,1.50
2015.08.05 03:39:56.212,1.93384,1.93402,1.50,1.00
2015.08.05 03:39:56.517,1.93382,1.93402,1.00,1.87
2015.08.05 03:39:56.669,1.93382,1.93399,1.00,1.00
2015.08.05 03:39:57.835,1.93382,1.93398,1.00,1.00
2015.08.05 03:39:59.620,1.93382,1.93397,1.00,1.00
2015.08.05 03:39:59.772,1.93379,1.93397,1.00,1.00
2015.08.05 03:40:06.098,1.93377,1.93397,1.12,1.50
2015.08.05 03:40:06.606,1.93377,1.93397,1.00,2.25
2015.08.05 03:40:07.012,1.93377,1.93394,1.00,1.00
2015.08.05 03:40:07.491,1.93377,1.93397,1.00,1.87
2015.08.05 03:40:09.110,1.93377,1.93395,1.00,1.00
2015.08.05 03:40:23.101,1.93377,1.9339,1.00,1.00
2015.08.05 03:40:23.152,1.93373,1.9339,1.50,1.50
2015.08.05 03:40:23.405,1.93369,1.93386,1.00,1.00
2015.08.05 03:40:23.728,1.93368,1.93384,1.00,1.00
2015.08.05 03:40:23.830,1.93362,1.93383,3.00,1.00
2015.08.05 03:40:23.881,1.93365,1.93383,1.00,1.00
2015.08.05 03:40:24.286,1.93363,1.93383,1.12,1.00
2015.08.05 03:40:28.146,1.93363,1.93384,1.50,1.50
2015.08.05 03:40:28.652,1.93364,1.93384,1.50,1.50
2015.08.05 03:40:39.353,1.93364,1.93386,2.25,1.87
2015.08.05 03:40:44.524,1.93363,1.93385,2.62,1.00
2015.08.05 03:40:45.116,1.93368,1.93385,1.00,1.00
2015.08.05 03:40:45.270,1.93363,1.93385,1.87,1.00
2015.08.05 03:40:46.259,1.93365,1.93385,1.00,1.00
2015.08.05 03:40:46.767,1.93365,1.93386,1.37,1.00
2015.08.05 03:40:47.306,1.93367,1.93386,1.00,1.00
2015.08.05 03:40:54.473,1.93368,1.93386,1.00,1.00
2015.08.05 03:40:54.574,1.93368,1.93388,1.87,1.00
2015.08.05 03:40:54.755,1.93373,1.9339,1.00,1.00
2015.08.05 03:40:54.857,1.93373,1.93393,1.00,1.00
2015.08.05 03:40:55.011,1.93371,1.93393,1.50,1.50
2015.08.05 03:40:55.062,1.93373,1.93393,1.00,1.50
2015.08.05 03:40:55.416,1.93371,1.93391,1.00,1.00
2015.08.05 03:40:55.720,1.9337,1.93389,1.00,1.50
2015.08.05 03:40:55.771,1.93368,1.93389,1.00,1.50
2015.08.05 03:40:55.923,1.93368,1.93385,1.00,1.00
2015.08.05 03:40:56.462,1.93366,1.93385,1.37,1.00
2015.08.05 03:40:57.011,1.93366,1.93385,1.00,1.00
2015.08.05 03:40:59.452,1.93368,1.93385,1.00,1.50
2015.08.05 03:41:00.101,1.93368,1.93384,1.00,1.00
2015.08.05 03:41:02.563,1.93363,1.93384,1.50,1.00
2015.08.05 03:41:08.063,1.93363,1.93384,1.50,1.37
2015.08.05 03:41:11.117,1.93363,1.93381,1.50,1.00
2015.08.05 03:41:11.453,1.93354,1.93375,1.00,1.50
2015.08.05 03:41:11.818,1.93354,1.93373,1.00,1.00
2015.08.05 03:41:18.349,1.93353,1.93373,1.50,1.12
2015.08.05 03:41:18.671,1.93353,1.93371,1.00,1.00
2015.08.05 03:41:27.265,1.93353,1.93373,1.00,1.37
2015.08.05 03:41:35.561,1.93353,1.93373,1.00,1.12
2015.08.05 03:41:40.850,1.93358,1.93373,1.00,1.00
2015.08.05 03:41:56.586,1.93352,1.93373,2.25,1.00
2015.08.05 03:42:01.401,1.93353,1.93373,1.00,1.12
2015.08.05 03:42:05.642,1.93353,1.93373,1.00,1.37
2015.08.05 03:42:07.858,1.93353,1.93373,1.00,1.00
2015.08.05 03:42:09.875,1.93353,1.93373,1.00,1.37
2015.08.05 03:42:15.293,1.93353,1.93372,1.00,1.37
2015.08.05 03:42:15.500,1.93348,1.93364,1.00,1.00
2015.08.05 03:42:15.652,1.93348,1.93361,1.00,1.00
2015.08.05 03:42:16.158,1.93343,1.93362,1.00,1.50
2015.08.05 03:42:24.484,1.93348,1.93362,1.00,1.00
2015.08.05 03:42:24.890,1.93354,1.93368,1.00,1.00
2015.08.05 03:42:25.144,1.93354,1.93371,1.00,1.00
2015.08.05 03:42:25.586,1.93357,1.93372,1.00,1.00
2015.08.05 03:42:25.788,1.93357,1.93374,1.00,1.50
2015.08.05 03:42:31.303,1.93357,1.93372,1.00,1.00
2015.08.05 03:42:36.594,1.93354,1.93372,1.00,1.00
2015.08.05 03:42:38.127,1.93354,1.93374,1.00,1.50
2015.08.05 03:42:42.427,1.93353,1.93374,1.00,1.87
2015.08.05 03:42:51.123,1.93353,1.93374,1.37,1.87
2015.08.05 03:42:51.685,1.93357,1.93374,1.00,1.50
2015.08.05 03:42:53.031,1.93357,1.93375,1.00,1.00
2015.08.05 03:43:00.911,1.93358,1.93375,1.00,1.00
2015.08.05 03:43:09.802,1.93362,1.93375,1.00,1.00
2015.08.05 03:43:14.089,1.93358,1.93375,2.25,1.00
2015.08.05 03:43:14.309,1.93363,1.93375,1.00,1.00
2015.08.05 03:43:17.747,1.93363,1.93376,1.00,1.00
2015.08.05 03:43:17.950,1.93359,1.93376,1.00,1.00
2015.08.05 03:43:18.418,1.93359,1.93378,1.00,1.50
2015.08.05 03:43:19.129,1.93362,1.93378,1.00,1.00
2015.08.05 03:43:19.231,1.93362,1.9338,1.00,1.00
2015.08.05 03:43:19.282,1.93365,1.9338,1.00,1.50
2015.08.05 03:43:19.553,1.9337,1.93387,1.00,1.00
2015.08.05 03:43:20.010,1.9337,1.9339,1.00,1.00
2015.08.05 03:43:20.508,1.93372,1.9339,1.00,1.00
2015.08.05 03:43:20.763,1.9337,1.9339,1.00,1.00
2015.08.05 03:43:20.865,1.93372,1.93391,1.00,2.25
2015.08.05 03:43:21.275,1.9337,1.93391,1.00,1.00
2015.08.05 03:43:21.378,1.93367,1.93389,2.62,1.00
2015.08.05 03:43:21.587,1.93369,1.93391,1.87,1.00
2015.08.05 03:43:21.739,1.93367,1.93387,1.75,1.00
2015.08.05 03:43:22.247,1.9337,1.93388,1.00,1.00
2015.08.05 03:43:22.836,1.9337,1.93387,1.00,1.00
2015.08.05 03:43:24.706,1.9337,1.93387,1.00,1.37
2015.08.05 03:43:24.808,1.93367,1.93385,1.00,1.12
2015.08.05 03:43:24.859,1.93367,1.93381,1.00,1.00
2015.08.05 03:43:25.113,1.93363,1.93378,1.00,1.00
2015.08.05 03:43:30.721,1.93363,1.93379,1.00,1.12
2015.08.05 03:43:41.492,1.93363,1.9338,1.00,1.00
2015.08.05 03:43:56.494,1.93363,1.93379,1.00,1.00
2015.08.05 03:43:58.566,1.93363,1.93384,1.00,1.87
2015.08.05 03:43:58.618,1.93366,1.93384,1.00,1.87
2015.08.05 03:43:58.771,1.93366,1.93385,1.00,1.00
2015.08.05 03:43:58.873,1.93368,1.93385,1.00,1.00
2015.08.05 03:43:59.435,1.93367,1.93385,1.00,1.00
2015.08.05 03:44:00.250,1.93368,1.93385,1.00,1.00
2015.08.05 03:44:00.756,1.93368,1.93384,1.00,1.00
2015.08.05 03:44:01.061,1.93363,1.93381,1.00,1.00
2015.08.05 03:44:01.581,1.93362,1.93381,1.00,1.50
2015.08.05 03:44:01.733,1.93362,1.93379,1.00,1.00
2015.08.05 03:44:02.689,1.9336,1.93379,1.00,1.50
2015.08.05 03:44:03.262,1.93359,1.93379,1.50,1.50
2015.08.05 03:44:05.347,1.9336,1.93379,1.00,1.50
2015.08.05 03:44:05.861,1.93361,1.93379,1.00,1.50
2015.08.05 03:44:06.013,1.93363,1.93379,1.00,1.50
2015.08.05 03:44:06.520,1.93362,1.93378,1.00,1.00
2015.08.05 03:44:06.774,1.93363,1.93383,1.50,1.00
2015.08.05 03:44:06.981,1.93364,1.93383,1.34,1.00
2015.08.05 03:44:07.685,1.93368,1.93383,1.00,1.00
2015.08.05 03:44:08.040,1.93369,1.9338,1.00,1.00
2015.08.05 03:44:08.192,1.93363,1.93378,1.84,1.00
2015.08.05 03:44:09.119,1.93364,1.93378,1.00,1.50
2015.08.05 03:44:09.322,1.93358,1.93378,1.50,1.50
2015.08.05 03:44:09.373,1.93358,1.93376,1.00,1.00
2015.08.05 03:44:11.777,1.93361,1.93376,1.00,1.00
2015.08.05 03:44:11.879,1.93362,1.93379,1.00,1.00
2015.08.05 03:44:12.031,1.93362,1.9338,1.84,1.00
2015.08.05 03:44:12.286,1.93363,1.93383,1.34,1.00
2015.08.05 03:44:12.337,1.93363,1.93383,1.00,1.00
2015.08.05 03:44:12.518,1.93362,1.93381,1.50,1.00
2015.08.05 03:44:12.974,1.93362,1.93377,1.00,1.00
2015.08.05 03:44:13.481,1.93357,1.93377,2.96,1.12
2015.08.05 03:44:13.583,1.93358,1.93375,1.00,1.00
2015.08.05 03:44:15.433,1.93358,1.93377,1.00,1.50
2015.08.05 03:44:16.838,1.93357,1.93377,1.09,1.50
2015.08.05 03:44:16.939,1.93357,1.93375,1.00,1.00
2015.08.05 03:44:17.243,1.93354,1.93372,1.00,1.00
2015.08.05 03:44:17.790,1.93353,1.93372,1.12,1.00
2015.08.05 03:44:22.198,1.93358,1.93373,1.00,1.00
2015.08.05 03:44:23.534,1.93358,1.93374,1.00,1.00
2015.08.05 03:44:34.078,1.93354,1.93374,1.87,1.00
2015.08.05 03:44:38.950,1.93358,1.93374,1.00,1.00
2015.08.05 03:44:40.612,1.93359,1.93374,1.00,1.00
2015.08.05 03:44:41.342,1.93358,1.93374,1.00,1.00
2015.08.05 03:44:54.997,1.93355,1.93374,1.00,1.00
2015.08.05 03:44:55.099,1.93357,1.93374,1.00,1.00
2015.08.05 03:44:55.606,1.93358,1.93374,1.00,1.00
2015.08.05 03:45:01.240,1.93357,1.93374,1.50,1.00
2015.08.05 03:45:01.822,1.93358,1.93374,1.00,1.00
2015.08.05 03:45:03.848,1.93358,1.93377,1.00,1.00
2015.08.05 03:45:10.072,1.93358,1.93375,1.00,1.00
2015.08.05 03:45:42.471,1.93357,1.93375,1.50,1.00
2015.08.05 03:45:49.185,1.93358,1.93375,1.00,1.00
2015.08.05 03:45:49.490,1.93354,1.9337,1.00,1.00
2015.08.05 03:45:49.541,1.93355,1.93372,1.00,1.00
2015.08.05 03:45:49.897,1.93355,1.93374,1.00,1.00
2015.08.05 03:45:50.221,1.93357,1.93375,1.00,1.00
2015.08.05 03:45:50.570,1.93359,1.93375,1.00,1.00
2015.08.05 03:46:03.792,1.93363,1.93375,1.09,1.00
2015.08.05 03:46:03.843,1.93363,1.93384,1.09,1.37
2015.08.05 03:46:03.894,1.93367,1.93384,1.12,1.00
2015.08.05 03:46:03.945,1.93367,1.9339,1.12,1.75
2015.08.05 03:46:03.996,1.93369,1.93391,1.00,2.25
2015.08.05 03:46:04.249,1.93373,1.93394,1.00,1.50
2015.08.05 03:46:06.789,1.93373,1.93393,1.00,1.00
2015.08.05 03:46:06.941,1.93373,1.93387,1.00,1.00
2015.08.05 03:46:07.043,1.93369,1.93387,1.50,1.00
2015.08.05 03:46:07.146,1.93367,1.93387,1.50,1.00
2015.08.05 03:46:07.197,1.93367,1.93391,2.25,1.50
2015.08.05 03:46:07.509,1.93369,1.93391,1.00,1.00
2015.08.05 03:46:09.870,1.93368,1.93391,1.00,1.50
2015.08.05 03:46:10.427,1.93368,1.93391,1.00,1.87
2015.08.05 03:46:10.984,1.93369,1.93391,1.00,1.50
2015.08.05 03:46:11.289,1.93371,1.93393,1.50,1.00
2015.08.05 03:46:11.494,1.93372,1.93395,1.00,1.87
2015.08.05 03:46:12.056,1.93372,1.93394,1.00,1.00
2015.08.05 03:46:12.107,1.93372,1.93394,1.00,1.37
2015.08.05 03:46:12.413,1.93369,1.93388,1.00,1.37
2015.08.05 03:46:12.567,1.93367,1.93387,1.00,1.12
2015.08.05 03:46:12.618,1.93365,1.93387,1.00,1.12
2015.08.05 03:46:12.821,1.93365,1.93385,1.00,1.00
2015.08.05 03:46:21.018,1.93367,1.93388,1.00,1.95
2015.08.05 03:46:21.170,1.93364,1.93384,1.00,1.00
2015.08.05 03:46:25.024,1.93366,1.93386,1.00,1.00
2015.08.05 03:46:35.187,1.93367,1.93386,1.00,1.00
2015.08.05 03:46:35.401,1.93368,1.93389,1.00,1.00
2015.08.05 03:46:35.458,1.9337,1.93389,1.00,1.00
2015.08.05 03:46:35.560,1.9337,1.93392,1.50,1.00
2015.08.05 03:46:36.025,1.93372,1.93392,1.00,1.00
2015.08.05 03:46:37.672,1.93372,1.93395,1.50,1.87
2015.08.05 03:46:41.788,1.93373,1.93395,1.00,1.50
2015.08.05 03:46:48.005,1.93373,1.93395,1.87,1.00
2015.08.05 03:47:05.147,1.93375,1.93396,1.00,1.00
2015.08.05 03:47:34.320,1.93376,1.93396,1.00,1.00
2015.08.05 03:47:34.372,1.93378,1.93396,1.00,1.00
2015.08.05 03:47:34.473,1.93376,1.93396,1.00,1.00
2015.08.05 03:47:35.240,1.93378,1.93396,1.00,1.00
2015.08.05 03:47:35.345,1.93375,1.93396,1.87,1.00
2015.08.05 03:47:35.536,1.93377,1.93396,1.00,1.00
2015.08.05 03:47:35.892,1.93375,1.93396,1.00,1.00
2015.08.05 03:48:01.633,1.93375,1.93395,1.00,1.12
2015.08.05 03:48:01.734,1.93373,1.9339,1.00,1.12
2015.08.05 03:48:02.039,1.93371,1.93387,1.00,1.00
2015.08.05 03:48:04.465,1.93368,1.93387,1.00,1.00
2015.08.05 03:48:38.803,1.93366,1.93386,1.00,1.00
2015.08.05 03:48:38.955,1.93366,1.93384,1.00,1.00
2015.08.05 03:48:39.159,1.93363,1.93384,1.00,1.37
2015.08.05 03:48:39.685,1.9336,1.93382,1.00,1.87
2015.08.05 03:48:40.140,1.93363,1.93382,1.00,1.12
2015.08.05 03:48:46.036,1.93364,1.93382,1.00,1.00
2015.08.05 03:48:46.340,1.93368,1.93382,1.00,1.00
2015.08.05 03:48:46.441,1.93366,1.93382,1.00,1.00
2015.08.05 03:48:46.594,1.93365,1.93386,1.00,1.50
2015.08.05 03:48:46.746,1.93367,1.93386,1.00,1.00
2015.08.05 03:48:48.375,1.93366,1.93384,1.00,1.00
2015.08.05 03:48:48.477,1.93363,1.93382,2.25,1.12
2015.08.05 03:48:48.579,1.93363,1.9338,1.50,1.00
2015.08.05 03:48:48.883,1.93357,1.93377,1.87,1.00
2015.08.05 03:48:52.902,1.93359,1.93377,1.00,1.00
2015.08.05 03:48:53.243,1.93363,1.93381,1.00,1.00
2015.08.05 03:48:55.164,1.93363,1.93384,1.50,1.00
2015.08.05 03:49:00.097,1.93363,1.93384,1.37,1.00
2015.08.05 03:49:00.646,1.93363,1.93384,1.37,1.00
2015.08.05 03:49:03.674,1.93363,1.93384,1.37,1.00
2015.08.05 03:49:06.402,1.93363,1.93384,1.37,1.00
2015.08.05 03:49:07.802,1.93363,1.93384,1.37,1.00
2015.08.05 03:49:08.916,1.93363,1.93384,1.37,1.50
2015.08.05 03:49:10.191,1.93367,1.93384,1.00,1.00
2015.08.05 03:49:10.697,1.93368,1.93384,1.00,1.00
2015.08.05 03:49:11.154,1.93364,1.93384,1.50,1.00
2015.08.05 03:49:25.403,1.93363,1.93384,3.37,1.00
2015.08.05 03:49:26.417,1.93363,1.93384,2.62,1.00
2015.08.05 03:49:26.518,1.93363,1.93384,1.87,1.00
2015.08.05 03:49:27.828,1.93363,1.93384,2.62,1.00
2015.08.05 03:49:31.432,1.93363,1.93384,2.62,1.00
2015.08.05 03:49:36.480,1.93363,1.93384,2.62,1.00
2015.08.05 03:49:36.673,1.93363,1.93384,3.00,1.00
