2008.12.03 15:00:00.315,1.36665,1.3672,4.00,1.60
2008.12.03 15:00:00.605,1.3668,1.3672,1.40,1.60
2008.12.03 15:00:01.765,1.36675,1.3672,4.00,1.60
2008.12.03 15:00:02.295,1.36635,1.36695,4.40,1.60
2008.12.03 15:00:02.585,1.3662,1.36665,16.00,3.20
2008.12.03 15:00:03.145,1.366,1.36665,4.00,3.20
2008.12.03 15:00:03.655,1.3661,1.3664,1.00,2.20
2008.12.03 15:00:04.064,1.36585,1.36695,4.00,8.00
2008.12.03 15:00:04.584,1.36565,1.3669,4.00,5.40
2008.12.03 15:00:05.404,1.36575,1.3668,4.00,11.20
2008.12.03 15:00:05.764,1.36555,1.3664,1.00,1.60
2008.12.03 15:00:06.324,1.36545,1.36605,8.00,1.60
2008.12.03 15:00:07.284,1.3655,1.36565,8.00,1.60
2008.12.03 15:00:07.504,1.36465,1.3657,1.00,2.20
2008.12.03 15:00:07.804,1.36445,1.3657,1.40,2.20
2008.12.03 15:00:08.193,1.36505,1.36585,1.40,5.40
2008.12.03 15:00:08.654,1.36505,1.3659,1.40,1.60
2008.12.03 15:00:09.023,1.36495,1.36605,8.00,5.40
2008.12.03 15:00:09.493,1.3651,1.366,8.00,3.80
2008.12.03 15:00:09.773,1.3651,1.36585,8.00,1.60
2008.12.03 15:00:10.523,1.3651,1.3657,8.00,1.60
2008.12.03 15:00:11.043,1.3651,1.3658,8.00,2.20
2008.12.03 15:00:11.463,1.36535,1.36645,4.40,16.00
2008.12.03 15:00:12.032,1.36505,1.3664,4.00,2.20
2008.12.03 15:00:12.252,1.36515,1.3664,1.40,2.20
2008.12.03 15:00:12.532,1.36515,1.36625,2.00,2.20
2008.12.03 15:00:13.053,1.36525,1.3663,6.00,18.20
2008.12.03 15:00:13.402,1.36525,1.3663,6.00,19.80
2008.12.03 15:00:13.732,1.36525,1.36625,2.00,2.20
2008.12.03 15:00:14.082,1.36515,1.36625,4.40,5.40
2008.12.03 15:00:14.542,1.36515,1.3662,4.40,2.20
2008.12.03 15:00:15.052,1.3653,1.3662,4.00,3.20
2008.12.03 15:00:15.342,1.365,1.36605,8.00,2.20
2008.12.03 15:00:16.531,1.36515,1.366,1.40,2.20
2008.12.03 15:00:17.111,1.3653,1.366,1.60,3.20
2008.12.03 15:00:17.471,1.3653,1.36625,1.60,3.20
2008.12.03 15:00:17.981,1.3653,1.36625,1.60,2.20
2008.12.03 15:00:18.461,1.36535,1.36605,1.40,3.20
2008.12.03 15:00:18.751,1.36535,1.36605,1.40,1.60
2008.12.03 15:00:19.561,1.36535,1.3661,1.40,1.60
2008.12.03 15:00:20.490,1.36535,1.366,1.40,1.60
2008.12.03 15:00:21.550,1.3655,1.36605,1.40,7.00
2008.12.03 15:00:21.940,1.3653,1.36595,1.40,1.60
2008.12.03 15:00:22.220,1.36525,1.3658,1.40,1.60
2008.12.03 15:00:24.579,1.36535,1.36595,1.40,1.60
2008.12.03 15:00:24.939,1.36535,1.36585,1.40,1.60
2008.12.03 15:00:25.650,1.36535,1.3659,1.40,1.60
2008.12.03 15:00:25.999,1.3655,1.36595,1.40,1.60
2008.12.03 15:00:26.629,1.3654,1.3659,1.40,1.60
2008.12.03 15:00:27.089,1.36535,1.366,1.40,1.60
2008.12.03 15:00:27.860,1.36535,1.36595,1.40,1.60
2008.12.03 15:00:28.258,1.3654,1.3661,1.40,1.60
2008.12.03 15:00:29.128,1.36545,1.3661,1.60,1.60
2008.12.03 15:00:29.658,1.36555,1.366,1.40,1.60
2008.12.03 15:00:30.108,1.36555,1.36595,1.40,1.60
2008.12.03 15:00:30.438,1.3657,1.36605,1.40,1.60
2008.12.03 15:00:30.828,1.3655,1.36595,1.40,1.60
2008.12.03 15:00:32.098,1.3655,1.3659,1.40,1.60
2008.12.03 15:00:32.378,1.36565,1.36595,1.40,1.60
2008.12.03 15:00:33.877,1.36545,1.3659,1.40,1.60
2008.12.03 15:00:34.297,1.36545,1.36575,1.40,1.60
2008.12.03 15:00:34.757,1.36515,1.3657,2.00,1.60
2008.12.03 15:00:35.107,1.36515,1.3657,1.40,1.60
2008.12.03 15:00:38.356,1.3651,1.36565,5.20,1.60
2008.12.03 15:00:38.786,1.3651,1.36565,2.00,1.60
2008.12.03 15:00:39.066,1.3651,1.36565,1.40,1.60
2008.12.03 15:00:39.236,1.3651,1.36565,2.00,1.60
2008.12.03 15:00:39.646,1.36505,1.3655,1.40,1.60
2008.12.03 15:00:39.996,1.3651,1.3657,1.40,1.60
2008.12.03 15:00:40.465,1.3651,1.3657,2.00,1.60
2008.12.03 15:00:40.916,1.36525,1.36575,1.40,5.40
2008.12.03 15:00:41.265,1.3653,1.36555,1.40,1.60
2008.12.03 15:00:42.135,1.36535,1.3656,1.40,1.60
2008.12.03 15:00:42.485,1.36545,1.3657,1.40,1.60
2008.12.03 15:00:42.725,1.36535,1.3657,1.40,1.60
2008.12.03 15:00:43.535,1.3654,1.36575,1.40,1.60
2008.12.03 15:00:43.925,1.36515,1.3657,1.40,1.60
2008.12.03 15:00:44.765,1.365,1.36535,4.40,1.60
2008.12.03 15:00:45.215,1.36505,1.36545,4.40,1.60
2008.12.03 15:00:45.614,1.3651,1.3655,1.00,2.20
2008.12.03 15:00:46.024,1.36475,1.3654,1.40,3.80
2008.12.03 15:00:47.064,1.36485,1.36545,1.40,2.20
2008.12.03 15:00:47.524,1.36485,1.36545,2.00,2.20
2008.12.03 15:00:48.234,1.36485,1.36545,1.40,2.20
2008.12.03 15:00:48.624,1.36475,1.3653,4.40,1.60
2008.12.03 15:00:49.084,1.3647,1.3653,1.40,2.20
2008.12.03 15:00:49.314,1.36475,1.36535,4.00,1.60
2008.12.03 15:00:49.603,1.36475,1.36535,5.60,1.60
2008.12.03 15:00:50.153,1.3649,1.3655,1.40,2.20
2008.12.03 15:00:50.443,1.365,1.3656,1.40,3.20
2008.12.03 15:00:50.793,1.36485,1.36545,4.40,1.60
2008.12.03 15:00:51.123,1.3649,1.36545,1.00,1.60
2008.12.03 15:00:51.773,1.365,1.3655,1.00,3.80
2008.12.03 15:00:52.173,1.365,1.36545,1.40,2.20
2008.12.03 15:00:52.553,1.365,1.36555,1.40,3.80
2008.12.03 15:00:53.662,1.36515,1.3656,1.40,1.60
2008.12.03 15:00:54.292,1.36535,1.36565,1.40,2.20
2008.12.03 15:00:54.642,1.36535,1.3657,1.40,1.60
2008.12.03 15:00:54.992,1.36515,1.3656,5.40,1.60
2008.12.03 15:00:55.452,1.36515,1.36545,1.00,1.60
2008.12.03 15:00:55.782,1.36505,1.36545,1.40,1.60
2008.12.03 15:00:57.132,1.36505,1.3653,1.40,1.60
2008.12.03 15:00:57.461,1.3651,1.3654,1.40,1.60
2008.12.03 15:00:57.761,1.3651,1.36535,1.40,1.60
2008.12.03 15:00:58.051,1.3652,1.3655,1.40,1.60
2008.12.03 15:00:58.531,1.3652,1.3656,1.40,3.80
2008.12.03 15:00:58.871,1.3652,1.3656,1.40,1.60
2008.12.03 15:00:59.211,1.36535,1.36575,1.40,1.60
2008.12.03 15:01:00.321,1.3651,1.3656,4.40,1.60
2008.12.03 15:01:00.611,1.3651,1.3657,3.00,1.60
2008.12.03 15:01:01.011,1.365,1.3657,3.00,1.60
2008.12.03 15:01:01.451,1.365,1.36565,2.00,1.60
2008.12.03 15:01:01.940,1.365,1.36565,1.40,7.00
2008.12.03 15:01:02.451,1.365,1.3655,1.40,1.60
2008.12.03 15:01:02.781,1.36495,1.36555,1.40,3.20
2008.12.03 15:01:03.080,1.36495,1.36555,1.40,1.60
2008.12.03 15:01:03.480,1.36495,1.36545,1.40,3.20
2008.12.03 15:01:03.771,1.36495,1.36535,1.40,1.60
2008.12.03 15:01:04.130,1.36495,1.3653,1.40,1.60
2008.12.03 15:01:04.480,1.3647,1.36515,6.00,1.60
2008.12.03 15:01:05.000,1.3647,1.36515,4.60,1.60
2008.12.03 15:01:05.640,1.36475,1.36505,1.40,1.60
2008.12.03 15:01:07.199,1.36465,1.36495,1.40,1.60
2008.12.03 15:01:07.489,1.36455,1.3649,4.60,1.60
2008.12.03 15:01:07.949,1.36445,1.36475,4.60,1.60
2008.12.03 15:01:08.429,1.36445,1.36475,1.40,1.60
2008.12.03 15:01:08.759,1.36435,1.3646,4.40,1.60
2008.12.03 15:01:09.319,1.36425,1.36455,1.40,1.60
2008.12.03 15:01:10.078,1.36435,1.3648,1.40,1.60
2008.12.03 15:01:10.428,1.36435,1.3648,1.40,4.80
2008.12.03 15:01:10.718,1.36435,1.3647,1.40,1.60
2008.12.03 15:01:11.408,1.36425,1.36475,1.40,1.60
2008.12.03 15:01:11.748,1.3643,1.3646,1.40,1.60
2008.12.03 15:01:12.988,1.36415,1.3644,1.40,1.60
2008.12.03 15:01:13.498,1.3644,1.3648,1.40,2.20
2008.12.03 15:01:13.857,1.3644,1.3649,1.40,1.60
2008.12.03 15:01:14.687,1.3644,1.3648,2.00,3.80
2008.12.03 15:01:14.978,1.36415,1.3646,2.00,1.60
2008.12.03 15:01:15.327,1.36415,1.3646,1.40,1.60
2008.12.03 15:01:16.347,1.3642,1.3645,2.00,1.60
2008.12.03 15:01:17.027,1.36425,1.36465,2.00,1.60
2008.12.03 15:01:17.607,1.3643,1.36455,1.40,1.60
2008.12.03 15:01:18.056,1.3644,1.3649,1.40,3.80
2008.12.03 15:01:18.836,1.36435,1.36475,1.40,1.60
2008.12.03 15:01:19.126,1.3643,1.36455,1.40,1.60
2008.12.03 15:01:19.646,1.36435,1.3646,1.40,1.60
2008.12.03 15:01:20.746,1.3645,1.36475,1.40,3.80
2008.12.03 15:01:21.156,1.3645,1.36475,1.40,1.60
2008.12.03 15:01:22.675,1.36465,1.3651,1.40,18.20
2008.12.03 15:01:23.015,1.36455,1.3651,1.40,16.00
2008.12.03 15:01:23.405,1.36455,1.3651,5.40,16.00
2008.12.03 15:01:24.405,1.3647,1.365,3.00,16.00
2008.12.03 15:01:24.915,1.36465,1.365,1.40,16.00
2008.12.03 15:01:25.255,1.36465,1.365,4.00,16.00
2008.12.03 15:01:25.595,1.3646,1.365,1.40,16.00
2008.12.03 15:01:26.934,1.36465,1.365,1.40,16.00
2008.12.03 15:01:27.564,1.3648,1.365,1.40,16.00
2008.12.03 15:01:27.894,1.3647,1.365,4.80,16.00
2008.12.03 15:01:28.244,1.36495,1.36565,1.40,1.60
2008.12.03 15:01:29.184,1.365,1.3657,1.40,1.60
2008.12.03 15:01:29.874,1.3651,1.36555,1.40,1.60
2008.12.03 15:01:30.174,1.365,1.3656,1.00,6.20
2008.12.03 15:01:30.393,1.3651,1.3656,1.00,2.20
2008.12.03 15:01:30.633,1.3651,1.36545,1.00,2.20
2008.12.03 15:01:31.245,1.365,1.36545,1.00,2.20
2008.12.03 15:01:31.633,1.3649,1.36535,1.00,1.60
2008.12.03 15:01:31.973,1.3649,1.3653,1.00,3.80
2008.12.03 15:01:32.363,1.36475,1.3653,1.40,3.80
2008.12.03 15:01:33.633,1.3648,1.3653,1.40,2.20
2008.12.03 15:01:33.973,1.3648,1.36535,1.40,1.60
2008.12.03 15:01:34.212,1.3649,1.36535,1.40,1.60
2008.12.03 15:01:34.672,1.3649,1.36545,1.40,2.20
2008.12.03 15:01:34.953,1.36485,1.36515,1.00,1.60
2008.12.03 15:01:35.363,1.3649,1.3653,1.40,2.20
2008.12.03 15:01:35.682,1.3649,1.36535,1.40,3.20
2008.12.03 15:01:36.082,1.36485,1.36555,1.40,2.20
2008.12.03 15:01:37.162,1.36485,1.36545,2.00,2.20
2008.12.03 15:01:37.622,1.36485,1.36545,1.40,2.20
2008.12.03 15:01:37.792,1.36485,1.3655,2.00,1.60
2008.12.03 15:01:38.742,1.365,1.36555,1.40,5.40
2008.12.03 15:01:38.912,1.365,1.3655,2.00,3.20
2008.12.03 15:01:39.371,1.36495,1.36555,4.00,1.60
2008.12.03 15:01:39.611,1.36495,1.3656,4.40,4.80
2008.12.03 15:01:39.991,1.36505,1.3656,4.00,3.20
2008.12.03 15:01:40.161,1.36505,1.36565,4.00,5.60
2008.12.03 15:01:40.531,1.36505,1.36565,4.00,4.00
2008.12.03 15:01:40.931,1.36505,1.3653,4.00,1.60
2008.12.03 15:01:41.341,1.365,1.36555,3.60,1.60
2008.12.03 15:01:41.771,1.36495,1.36555,1.40,3.20
2008.12.03 15:01:42.231,1.3651,1.36575,4.00,6.40
2008.12.03 15:01:42.580,1.3651,1.36575,4.00,1.60
2008.12.03 15:01:42.931,1.36505,1.36575,4.60,2.20
2008.12.03 15:01:43.501,1.365,1.3655,2.00,2.20
2008.12.03 15:01:43.720,1.36505,1.3654,2.00,2.20
2008.12.03 15:01:44.080,1.36505,1.36545,2.00,2.20
2008.12.03 15:01:45.410,1.36505,1.36545,1.40,2.20
2008.12.03 15:01:47.110,1.36505,1.3654,2.00,2.20
2008.12.03 15:01:47.229,1.36505,1.36545,1.40,2.20
2008.12.03 15:01:47.679,1.36505,1.36535,1.40,2.20
2008.12.03 15:01:48.080,1.36515,1.36545,1.40,2.20
2008.12.03 15:01:48.649,1.36505,1.36545,1.40,2.20
2008.12.03 15:01:49.229,1.36515,1.36555,2.00,3.80
2008.12.03 15:01:49.749,1.36515,1.36555,2.00,1.60
2008.12.03 15:01:51.009,1.3653,1.36565,2.00,2.20
2008.12.03 15:01:51.758,1.3653,1.3657,2.00,1.60
2008.12.03 15:01:51.928,1.3653,1.3657,1.40,1.60
2008.12.03 15:01:52.268,1.36535,1.36575,1.40,3.80
2008.12.03 15:01:52.948,1.3652,1.36565,1.40,2.20
2008.12.03 15:01:54.728,1.3652,1.36575,1.40,3.80
2008.12.03 15:01:55.187,1.3652,1.36575,1.40,1.60
2008.12.03 15:01:56.027,1.3652,1.3656,1.40,3.80
2008.12.03 15:01:56.547,1.36505,1.3655,1.40,1.60
2008.12.03 15:01:57.057,1.365,1.36535,1.40,1.60
2008.12.03 15:01:59.277,1.365,1.36525,2.00,1.60
2008.12.03 15:01:59.757,1.365,1.36525,1.40,1.60
2008.12.03 15:02:00.926,1.36505,1.3654,1.40,1.60
2008.12.03 15:02:01.216,1.3652,1.3655,1.40,1.60
2008.12.03 15:02:01.736,1.36505,1.3655,1.40,1.60
2008.12.03 15:02:03.875,1.36505,1.3655,5.40,1.60
2008.12.03 15:02:04.396,1.3652,1.36575,1.40,3.20
2008.12.03 15:02:05.025,1.36535,1.36585,1.40,8.00
2008.12.03 15:02:05.255,1.3654,1.36585,5.40,8.00
2008.12.03 15:02:05.806,1.3654,1.36605,5.40,3.20
2008.12.03 15:02:06.655,1.36555,1.36615,4.00,1.60
2008.12.03 15:02:07.485,1.3656,1.3661,1.40,2.20
2008.12.03 15:02:07.815,1.3657,1.36625,4.00,1.60
2008.12.03 15:02:08.284,1.36585,1.36625,1.00,1.60
2008.12.03 15:02:09.004,1.36585,1.36615,1.00,1.60
2008.12.03 15:02:09.334,1.36585,1.3662,1.00,1.60
2008.12.03 15:02:10.054,1.3657,1.3662,1.40,1.60
2008.12.03 15:02:10.684,1.36585,1.36635,1.40,3.20
2008.12.03 15:02:11.084,1.36575,1.36625,5.40,4.40
2008.12.03 15:02:11.433,1.36575,1.36625,5.40,1.60
2008.12.03 15:02:11.793,1.36585,1.36625,1.00,1.60
2008.12.03 15:02:12.513,1.36585,1.3662,1.00,1.60
2008.12.03 15:02:12.843,1.3659,1.36625,4.00,1.60
2008.12.03 15:02:13.254,1.36575,1.36625,2.00,1.60
2008.12.03 15:02:13.933,1.3657,1.3662,5.40,1.60
2008.12.03 15:02:14.383,1.36545,1.3661,4.00,1.60
2008.12.03 15:02:15.213,1.36545,1.366,4.00,1.60
2008.12.03 15:02:15.683,1.3655,1.366,3.00,1.60
2008.12.03 15:02:16.012,1.3655,1.366,1.00,1.60
2008.12.03 15:02:16.472,1.36545,1.3659,1.00,2.80
2008.12.03 15:02:16.862,1.3657,1.366,1.60,1.60
2008.12.03 15:02:17.382,1.36575,1.366,4.00,1.60
2008.12.03 15:02:17.852,1.36575,1.36625,4.00,1.60
2008.12.03 15:02:18.092,1.3658,1.36625,5.40,1.60
2008.12.03 15:02:18.562,1.36585,1.36635,5.40,1.60
2008.12.03 15:02:19.542,1.36585,1.3663,2.00,1.60
2008.12.03 15:02:20.941,1.36595,1.3663,1.60,1.60
2008.12.03 15:02:21.401,1.36595,1.36675,4.40,1.60
2008.12.03 15:02:21.631,1.36595,1.3668,4.40,2.20
2008.12.03 15:02:22.201,1.36605,1.3668,1.00,2.20
2008.12.03 15:02:22.661,1.36605,1.36665,1.00,1.60
2008.12.03 15:02:23.061,1.366,1.3667,2.00,2.20
2008.12.03 15:02:23.451,1.36615,1.3667,1.00,2.20
2008.12.03 15:02:23.611,1.36615,1.36645,1.00,1.60
2008.12.03 15:02:24.451,1.3661,1.36645,1.00,1.60
2008.12.03 15:02:24.910,1.36625,1.36695,1.40,3.80
2008.12.03 15:02:25.250,1.36625,1.36695,4.60,1.60
2008.12.03 15:02:25.610,1.36625,1.36695,1.00,1.60
2008.12.03 15:02:26.050,1.36625,1.3668,2.00,1.60
2008.12.03 15:02:26.390,1.3662,1.3668,6.00,3.20
2008.12.03 15:02:27.310,1.36635,1.3668,1.40,1.60
2008.12.03 15:02:27.610,1.3665,1.3668,2.00,1.60
2008.12.03 15:02:28.180,1.3666,1.3672,3.00,1.60
2008.12.03 15:02:28.579,1.3668,1.36735,1.40,7.00
2008.12.03 15:02:29.309,1.367,1.3672,1.40,3.20
2008.12.03 15:02:29.699,1.367,1.36755,1.40,1.60
2008.12.03 15:02:30.949,1.3672,1.3675,1.40,1.60
2008.12.03 15:02:31.299,1.36705,1.36735,4.00,1.60
2008.12.03 15:02:31.759,1.3669,1.3672,1.00,1.60
2008.12.03 15:02:32.058,1.36675,1.3672,5.60,1.60
2008.12.03 15:02:32.398,1.36685,1.3672,4.00,1.60
2008.12.03 15:02:32.978,1.36675,1.3671,4.00,1.60
2008.12.03 15:02:34.478,1.36685,1.3671,1.00,1.60
2008.12.03 15:02:35.298,1.3666,1.3671,2.00,1.60
2008.12.03 15:02:35.698,1.3666,1.3671,1.40,1.60
2008.12.03 15:02:36.497,1.36665,1.3672,1.40,1.60
2008.12.03 15:02:37.407,1.3666,1.3672,4.00,1.60
2008.12.03 15:02:37.857,1.3666,1.3673,4.00,3.20
2008.12.03 15:02:38.137,1.3667,1.3674,1.00,3.80
2008.12.03 15:02:38.827,1.3667,1.36745,4.00,7.00
2008.12.03 15:02:39.227,1.3668,1.36745,4.00,4.80
2008.12.03 15:02:39.787,1.36685,1.36745,4.00,4.80
2008.12.03 15:02:40.477,1.36685,1.3674,4.00,1.60
2008.12.03 15:02:40.827,1.36675,1.3674,4.00,1.60
2008.12.03 15:02:41.517,1.36685,1.36745,4.00,4.80
2008.12.03 15:02:41.856,1.36685,1.36745,4.00,1.60
2008.12.03 15:02:42.306,1.3668,1.36745,4.00,4.80
2008.12.03 15:02:43.056,1.3668,1.3674,1.40,1.60
2008.12.03 15:02:43.516,1.36675,1.3674,4.00,1.60
2008.12.03 15:02:43.736,1.3667,1.3673,4.00,3.20
2008.12.03 15:02:44.256,1.3667,1.3673,4.40,3.20
2008.12.03 15:02:45.195,1.3667,1.3673,4.00,1.60
2008.12.03 15:02:45.546,1.3667,1.36715,4.00,1.60
2008.12.03 15:02:45.886,1.36665,1.3671,3.00,1.60
2008.12.03 15:02:46.115,1.3665,1.3671,5.40,4.00
2008.12.03 15:02:46.825,1.3665,1.3671,5.40,1.60
2008.12.03 15:02:47.405,1.36665,1.3671,4.00,1.60
2008.12.03 15:02:47.515,1.3666,1.3671,1.00,1.60
2008.12.03 15:02:47.935,1.3665,1.3671,3.00,1.60
2008.12.03 15:02:48.215,1.36645,1.3671,2.00,1.60
2008.12.03 15:02:48.445,1.3665,1.3671,1.40,1.60
2008.12.03 15:02:52.273,1.3665,1.367,1.40,1.60
2008.12.03 15:02:54.883,1.3665,1.3671,1.40,3.20
2008.12.03 15:02:55.473,1.3666,1.3671,1.40,1.60
2008.12.03 15:02:56.883,1.3666,1.367,1.40,1.60
2008.12.03 15:03:03.151,1.3665,1.3669,1.40,3.20
2008.12.03 15:03:03.211,1.36665,1.36705,1.40,1.60
2008.12.03 15:03:03.601,1.36665,1.36705,1.40,3.20
2008.12.03 15:03:04.471,1.3667,1.36705,1.40,1.60
2008.12.03 15:03:04.821,1.3667,1.36715,1.40,1.60
2008.12.03 15:03:06.853,1.3667,1.3671,1.40,2.20
2008.12.03 15:03:07.230,1.3667,1.36715,1.40,4.80
2008.12.03 15:03:07.900,1.3667,1.36715,1.40,1.60
2008.12.03 15:03:08.240,1.36665,1.36705,1.40,1.60
2008.12.03 15:03:09.360,1.3667,1.36715,2.00,1.60
2008.12.03 15:03:09.809,1.3667,1.36715,1.40,1.60
2008.12.03 15:03:10.899,1.3666,1.36695,2.00,1.60
2008.12.03 15:03:11.209,1.3666,1.36695,1.40,1.60
2008.12.03 15:03:11.729,1.36675,1.3671,1.40,1.60
2008.12.03 15:03:12.299,1.3668,1.36705,1.40,1.60
2008.12.03 15:03:12.839,1.36675,1.36705,1.40,1.60
2008.12.03 15:03:14.169,1.36665,1.3671,2.00,1.60
2008.12.03 15:03:14.728,1.36665,1.3671,1.40,1.60
2008.12.03 15:03:15.188,1.3666,1.367,1.40,1.60
2008.12.03 15:03:15.538,1.3665,1.36695,2.00,1.60
2008.12.03 15:03:15.828,1.3666,1.367,1.40,1.60
2008.12.03 15:03:16.158,1.3667,1.367,1.00,1.60
2008.12.03 15:03:16.538,1.3666,1.367,5.20,1.60
2008.12.03 15:03:16.938,1.3666,1.367,1.40,1.60
2008.12.03 15:03:19.127,1.36645,1.36685,4.40,1.60
2008.12.03 15:03:19.487,1.3665,1.36685,1.00,1.60
2008.12.03 15:03:19.717,1.36625,1.36685,1.40,1.60
2008.12.03 15:03:20.337,1.36635,1.3668,1.40,1.60
2008.12.03 15:03:20.727,1.3663,1.36675,2.00,1.60
2008.12.03 15:03:21.087,1.3663,1.36685,2.00,1.60
2008.12.03 15:03:21.427,1.3663,1.36685,5.40,1.60
2008.12.03 15:03:22.236,1.36645,1.36685,4.00,1.60
2008.12.03 15:03:24.486,1.36655,1.3669,4.00,1.60
2008.12.03 15:03:24.906,1.36655,1.36675,4.00,1.60
2008.12.03 15:03:25.646,1.3664,1.36675,5.40,1.60
2008.12.03 15:03:25.965,1.3664,1.36675,4.00,1.60
2008.12.03 15:03:26.695,1.36635,1.36675,5.60,1.60
2008.12.03 15:03:27.035,1.3666,1.3669,4.00,1.60
2008.12.03 15:03:27.425,1.3665,1.3669,4.00,1.60
2008.12.03 15:03:27.775,1.36645,1.367,4.00,1.60
2008.12.03 15:03:28.145,1.3667,1.367,4.00,1.60
2008.12.03 15:03:28.755,1.36665,1.367,4.00,1.60
2008.12.03 15:03:28.935,1.36665,1.367,4.00,3.20
2008.12.03 15:03:29.175,1.36665,1.367,4.00,1.60
2008.12.03 15:03:29.934,1.3666,1.367,4.00,1.60
2008.12.03 15:03:30.764,1.3666,1.36685,4.00,1.60
2008.12.03 15:03:31.145,1.36655,1.36685,4.00,1.60
2008.12.03 15:03:31.474,1.3665,1.36685,4.00,1.60
2008.12.03 15:03:32.414,1.36655,1.36685,4.00,1.60
2008.12.03 15:03:33.064,1.3667,1.36685,4.00,1.60
2008.12.03 15:03:33.534,1.36665,1.36685,4.00,1.60
2008.12.03 15:03:33.824,1.36655,1.36695,4.00,1.60
2008.12.03 15:03:34.683,1.36655,1.36705,5.40,1.60
2008.12.03 15:03:35.124,1.3666,1.3671,4.00,1.60
2008.12.03 15:03:35.483,1.3666,1.3672,4.00,3.20
2008.12.03 15:03:36.573,1.3666,1.3671,4.00,1.60
2008.12.03 15:03:37.453,1.36655,1.3671,5.40,1.60
2008.12.03 15:03:37.753,1.36655,1.36705,4.00,1.60
2008.12.03 15:03:38.093,1.36645,1.36705,5.20,1.60
2008.12.03 15:03:38.622,1.36645,1.36705,1.40,1.60
2008.12.03 15:03:38.963,1.3665,1.36715,1.40,7.00
2008.12.03 15:03:39.293,1.3665,1.36715,2.00,3.80
2008.12.03 15:03:39.812,1.36645,1.36705,6.00,3.20
2008.12.03 15:03:40.102,1.36645,1.36705,1.40,3.20
2008.12.03 15:03:40.452,1.3665,1.367,1.40,1.60
2008.12.03 15:03:40.682,1.3665,1.36705,1.40,1.60
2008.12.03 15:03:41.352,1.3665,1.36715,1.40,8.60
2008.12.03 15:03:41.922,1.3665,1.36705,1.40,1.60
2008.12.03 15:03:42.212,1.3665,1.36715,1.40,7.00
2008.12.03 15:03:42.791,1.3665,1.36715,2.00,6.40
2008.12.03 15:03:42.892,1.3665,1.36715,5.20,1.60
2008.12.03 15:03:43.351,1.3666,1.3671,1.40,2.20
2008.12.03 15:03:43.921,1.3666,1.3672,1.40,5.40
2008.12.03 15:03:44.941,1.3666,1.3672,2.00,5.40
2008.12.03 15:03:45.332,1.3665,1.36715,3.00,4.80
2008.12.03 15:03:45.691,1.3665,1.3671,3.00,2.20
2008.12.03 15:03:46.081,1.3665,1.36715,3.00,4.80
2008.12.03 15:03:46.141,1.3665,1.36715,3.00,1.60
2008.12.03 15:03:47.060,1.3666,1.36715,1.00,1.60
2008.12.03 15:03:48.540,1.3666,1.36715,1.00,3.80
2008.12.03 15:03:48.760,1.3666,1.36715,1.00,7.00
2008.12.03 15:03:49.340,1.3666,1.36715,1.00,1.60
2008.12.03 15:03:49.810,1.3666,1.36715,1.60,1.60
2008.12.03 15:03:50.050,1.3666,1.3672,7.00,1.60
2008.12.03 15:03:50.800,1.3666,1.3672,7.00,3.20
2008.12.03 15:03:53.399,1.3666,1.3672,7.00,1.60
2008.12.03 15:03:54.049,1.3666,1.3672,7.80,1.60
2008.12.03 15:03:54.399,1.36665,1.36725,4.40,1.60
2008.12.03 15:03:54.689,1.3667,1.36725,1.00,1.60
2008.12.03 15:03:54.899,1.3667,1.36725,1.00,3.20
2008.12.03 15:03:55.188,1.36655,1.3672,4.40,1.60
2008.12.03 15:03:55.699,1.36655,1.36715,4.40,1.60
2008.12.03 15:03:56.148,1.3666,1.3672,4.00,1.60
2008.12.03 15:03:58.068,1.3666,1.3672,7.00,1.60
2008.12.03 15:03:58.417,1.3667,1.36715,3.60,1.60
2008.12.03 15:03:58.848,1.3667,1.3673,3.00,3.80
2008.12.03 15:03:59.188,1.3666,1.36725,7.00,1.60
2008.12.03 15:03:59.487,1.3666,1.36725,4.00,1.60
2008.12.03 15:04:00.167,1.3666,1.36735,4.00,7.00
2008.12.03 15:04:00.447,1.36665,1.36735,4.00,4.80
2008.12.03 15:04:00.977,1.36665,1.36745,4.40,7.00
2008.12.03 15:04:01.477,1.36675,1.36745,1.60,7.00
2008.12.03 15:04:01.837,1.3669,1.3674,1.40,3.80
2008.12.03 15:04:02.067,1.36685,1.36725,1.40,1.60
2008.12.03 15:04:02.697,1.3667,1.3672,1.40,1.60
2008.12.03 15:04:03.167,1.36665,1.36715,2.00,1.60
2008.12.03 15:04:03.346,1.3666,1.3671,5.20,1.60
2008.12.03 15:04:03.637,1.36665,1.36715,1.40,1.60
2008.12.03 15:04:04.046,1.36665,1.36715,2.00,1.60
2008.12.03 15:04:04.276,1.3668,1.36715,1.40,1.60
2008.12.03 15:04:04.847,1.3668,1.36715,2.00,1.60
2008.12.03 15:04:05.246,1.3669,1.3672,1.40,1.60
2008.12.03 15:04:08.065,1.367,1.36725,1.40,1.60
2008.12.03 15:04:08.415,1.3669,1.3673,5.40,1.60
2008.12.03 15:04:08.775,1.36705,1.3677,1.40,1.60
2008.12.03 15:04:09.135,1.36705,1.36775,1.40,4.80
2008.12.03 15:04:09.485,1.36725,1.36775,1.00,1.60
2008.12.03 15:04:09.835,1.367,1.36765,1.40,1.60
2008.12.03 15:04:10.245,1.367,1.36765,1.40,3.20
2008.12.03 15:04:10.525,1.36715,1.3675,1.00,1.60
2008.12.03 15:04:10.865,1.3673,1.3675,1.00,1.60
2008.12.03 15:04:11.335,1.36735,1.3675,1.00,1.60
2008.12.03 15:04:11.685,1.36735,1.36755,1.00,1.60
2008.12.03 15:04:12.064,1.3674,1.3677,1.40,1.60
2008.12.03 15:04:12.405,1.3673,1.3678,1.40,3.80
2008.12.03 15:04:12.694,1.36745,1.3678,1.40,3.20
2008.12.03 15:04:12.814,1.36745,1.3679,1.40,1.60
2008.12.03 15:04:13.214,1.36745,1.3679,1.40,3.20
2008.12.03 15:04:13.674,1.3674,1.3678,1.40,1.60
2008.12.03 15:04:14.024,1.3673,1.36765,1.40,1.60
2008.12.03 15:04:14.884,1.36715,1.3675,1.40,1.60
2008.12.03 15:04:17.343,1.3671,1.36735,2.00,1.60
2008.12.03 15:04:18.323,1.36715,1.36745,2.00,1.60
2008.12.03 15:04:18.853,1.3673,1.3676,2.00,1.60
2008.12.03 15:04:19.313,1.36725,1.36765,1.40,1.60
2008.12.03 15:04:20.012,1.3671,1.36765,2.00,1.60
2008.12.03 15:04:20.593,1.36725,1.36765,1.00,1.60
2008.12.03 15:04:20.882,1.36725,1.3675,1.00,1.60
2008.12.03 15:04:21.112,1.3672,1.3675,1.00,1.60
2008.12.03 15:04:21.572,1.36725,1.36745,1.00,1.60
2008.12.03 15:04:22.102,1.3671,1.36735,1.40,1.60
2008.12.03 15:04:22.792,1.367,1.3673,2.00,1.60
2008.12.03 15:04:24.461,1.367,1.3673,1.40,1.60
2008.12.03 15:04:24.801,1.36705,1.36735,1.40,1.60
2008.12.03 15:04:25.151,1.367,1.3673,2.00,1.60
2008.12.03 15:04:25.441,1.367,1.3673,1.40,1.60
2008.12.03 15:04:27.061,1.36675,1.3672,1.40,1.60
2008.12.03 15:04:27.591,1.3669,1.3672,1.40,1.60
2008.12.03 15:04:27.950,1.367,1.3673,1.40,1.60
2008.12.03 15:04:28.231,1.36695,1.3672,2.00,1.60
2008.12.03 15:04:29.370,1.36695,1.3672,1.40,1.60
2008.12.03 15:04:30.720,1.367,1.36715,1.00,1.60
2008.12.03 15:04:31.110,1.36665,1.3671,1.40,1.60
2008.12.03 15:04:32.439,1.36675,1.3672,1.40,1.60
2008.12.03 15:04:33.010,1.36685,1.36725,1.40,1.60
2008.12.03 15:04:34.369,1.36685,1.36725,2.00,1.60
2008.12.03 15:04:35.799,1.36685,1.36735,2.00,1.60
2008.12.03 15:04:36.159,1.367,1.3675,1.40,1.60
2008.12.03 15:04:36.858,1.367,1.36735,1.40,1.60
2008.12.03 15:04:37.288,1.36715,1.36735,1.00,1.60
2008.12.03 15:04:37.628,1.36715,1.3676,1.00,1.60
2008.12.03 15:04:37.908,1.3671,1.3677,1.40,1.60
2008.12.03 15:04:38.318,1.36705,1.3674,2.00,1.60
2008.12.03 15:04:38.718,1.36715,1.3674,1.00,1.60
2008.12.03 15:04:39.068,1.36715,1.3676,1.00,1.60
2008.12.03 15:04:39.418,1.36705,1.3675,1.40,1.60
2008.12.03 15:04:40.678,1.3672,1.36755,2.00,1.60
2008.12.03 15:04:41.267,1.36725,1.3675,1.00,1.60
2008.12.03 15:04:41.907,1.36725,1.3675,1.00,1.60
2008.12.03 15:04:42.607,1.36725,1.3674,1.00,1.60
2008.12.03 15:04:42.827,1.36725,1.3675,1.00,1.60
2008.12.03 15:04:43.517,1.3672,1.3675,1.00,1.60
2008.12.03 15:04:44.247,1.36705,1.3675,1.40,1.60
2008.12.03 15:04:44.657,1.367,1.36735,2.00,1.60
2008.12.03 15:04:44.946,1.367,1.36725,1.40,1.60
2008.12.03 15:04:45.406,1.367,1.3673,2.00,1.60
2008.12.03 15:04:45.806,1.36715,1.3674,1.40,1.60
2008.12.03 15:04:46.426,1.3672,1.36745,1.40,1.60
2008.12.03 15:04:46.826,1.36715,1.3674,2.00,1.60
2008.12.03 15:04:47.126,1.36715,1.3674,1.40,1.60
2008.12.03 15:04:47.526,1.36715,1.3673,1.00,1.60
2008.12.03 15:04:48.436,1.3673,1.36765,1.40,7.00
2008.12.03 15:04:48.886,1.3673,1.36765,1.40,1.60
2008.12.03 15:04:49.225,1.36735,1.3678,1.40,3.20
2008.12.03 15:04:49.605,1.36735,1.36795,1.40,1.60
2008.12.03 15:04:50.475,1.3675,1.36795,1.00,1.60
2008.12.03 15:04:51.745,1.36745,1.36795,1.40,1.60
2008.12.03 15:04:52.655,1.3676,1.36775,1.00,1.60
2008.12.03 15:04:52.994,1.36745,1.368,1.40,2.20
2008.12.03 15:04:53.384,1.36755,1.36805,1.40,1.60
2008.12.03 15:04:53.774,1.3678,1.36815,1.00,1.60
2008.12.03 15:04:54.285,1.36745,1.36805,1.40,1.60
2008.12.03 15:04:55.174,1.3678,1.36805,1.00,1.60
2008.12.03 15:04:55.524,1.3678,1.3683,2.00,1.60
2008.12.03 15:04:56.683,1.36795,1.36835,1.40,5.40
2008.12.03 15:04:57.073,1.3681,1.3684,1.40,3.20
2008.12.03 15:04:57.633,1.3678,1.3681,1.00,1.60
2008.12.03 15:04:57.983,1.3676,1.3681,1.40,1.60
2008.12.03 15:04:58.883,1.3678,1.36795,1.00,1.60
2008.12.03 15:04:59.273,1.3677,1.36795,1.40,1.60
2008.12.03 15:04:59.733,1.3676,1.36795,1.40,1.60
2008.12.03 15:05:00.033,1.36785,1.36795,1.00,1.60
2008.12.03 15:05:00.773,1.3675,1.36795,1.40,1.60
2008.12.03 15:05:01.293,1.36745,1.36785,1.40,1.60
2008.12.03 15:05:01.712,1.3677,1.36795,1.00,1.60
2008.12.03 15:05:02.172,1.3678,1.36785,1.00,1.60
2008.12.03 15:05:02.752,1.3679,1.3682,1.00,1.60
2008.12.03 15:05:03.322,1.36775,1.3682,1.40,1.60
2008.12.03 15:05:03.662,1.3679,1.3684,2.00,3.20
2008.12.03 15:05:04.112,1.36795,1.3684,1.40,3.20
2008.12.03 15:05:04.582,1.36805,1.36845,1.40,1.60
2008.12.03 15:05:06.011,1.36795,1.3684,2.00,1.60
2008.12.03 15:05:06.981,1.3681,1.36855,2.00,7.00
2008.12.03 15:05:07.461,1.3681,1.36845,1.00,1.60
2008.12.03 15:05:07.841,1.3682,1.3684,1.00,1.60
2008.12.03 15:05:08.231,1.36825,1.36855,1.00,1.60
2008.12.03 15:05:09.111,1.36825,1.36845,1.00,1.60
2008.12.03 15:05:09.950,1.36825,1.36855,1.00,1.60
2008.12.03 15:05:10.400,1.36835,1.36865,1.00,1.60
2008.12.03 15:05:10.900,1.3685,1.3688,1.00,1.60
2008.12.03 15:05:11.071,1.36845,1.3689,1.40,1.60
2008.12.03 15:05:11.640,1.3686,1.369,1.40,1.60
2008.12.03 15:05:11.990,1.3685,1.3689,2.00,1.60
2008.12.03 15:05:12.340,1.3685,1.3689,1.40,1.60
2008.12.03 15:05:13.140,1.3685,1.36885,1.40,1.60
2008.12.03 15:05:13.490,1.36835,1.36875,1.00,1.60
2008.12.03 15:05:13.950,1.36835,1.3688,1.40,5.40
2008.12.03 15:05:14.279,1.3681,1.36865,7.60,1.60
2008.12.03 15:05:14.679,1.36815,1.36865,1.00,1.60
2008.12.03 15:05:15.479,1.36835,1.3686,1.00,1.60
2008.12.03 15:05:15.939,1.3685,1.36855,1.00,1.60
2008.12.03 15:05:16.239,1.3685,1.36865,1.00,1.60
2008.12.03 15:05:16.619,1.3684,1.36865,1.00,1.60
2008.12.03 15:05:17.429,1.36845,1.36875,1.00,4.80
2008.12.03 15:05:17.879,1.3684,1.36875,4.40,1.60
2008.12.03 15:05:18.268,1.3685,1.3688,1.40,3.20
2008.12.03 15:05:18.559,1.3685,1.36895,1.40,1.60
2008.12.03 15:05:19.238,1.36865,1.36905,1.40,1.60
2008.12.03 15:05:20.498,1.36865,1.36905,3.00,1.60
2008.12.03 15:05:20.848,1.3688,1.36915,1.40,1.60
2008.12.03 15:05:22.058,1.3688,1.369,1.00,1.60
2008.12.03 15:05:22.388,1.3684,1.3689,3.00,1.60
2008.12.03 15:05:22.677,1.3685,1.36905,1.40,1.60
2008.12.03 15:05:23.777,1.36825,1.36895,4.40,1.60
2008.12.03 15:05:24.187,1.36845,1.369,1.40,1.60
2008.12.03 15:05:24.427,1.36865,1.36925,1.40,2.20
2008.12.03 15:05:24.817,1.36875,1.36925,1.40,3.20
2008.12.03 15:05:25.097,1.3688,1.3693,1.40,1.60
2008.12.03 15:05:25.917,1.36875,1.36925,1.40,1.60
2008.12.03 15:05:26.286,1.3688,1.3691,1.40,1.60
2008.12.03 15:05:26.786,1.3687,1.369,1.40,1.60
2008.12.03 15:05:27.176,1.36865,1.3689,1.40,1.60
2008.12.03 15:05:27.786,1.3686,1.3689,1.40,1.60
2008.12.03 15:05:28.026,1.36865,1.36895,1.40,1.60
2008.12.03 15:05:28.466,1.36875,1.36905,1.40,1.60
2008.12.03 15:05:29.366,1.36885,1.3692,1.40,1.60
2008.12.03 15:05:29.876,1.36895,1.3693,1.40,2.20
2008.12.03 15:05:30.465,1.369,1.3694,1.40,3.20
2008.12.03 15:05:30.915,1.369,1.36955,3.00,4.80
2008.12.03 15:05:31.575,1.36915,1.3695,4.80,3.20
2008.12.03 15:05:31.865,1.3692,1.3699,4.00,1.60
2008.12.03 15:05:32.155,1.36915,1.3699,4.00,4.80
2008.12.03 15:05:32.395,1.3691,1.36985,5.40,1.60
2008.12.03 15:05:32.875,1.36925,1.3698,4.00,4.80
2008.12.03 15:05:33.275,1.36925,1.3698,4.00,1.60
2008.12.03 15:05:33.485,1.36925,1.3696,4.00,1.60
2008.12.03 15:05:33.905,1.36925,1.3697,1.40,3.20
2008.12.03 15:05:34.595,1.36925,1.36985,5.40,4.80
2008.12.03 15:05:34.714,1.3692,1.36985,3.60,4.80
2008.12.03 15:05:35.025,1.36915,1.36985,1.40,1.60
2008.12.03 15:05:36.124,1.3691,1.36965,5.20,1.60
2008.12.03 15:05:36.354,1.36915,1.36975,1.40,1.60
2008.12.03 15:05:36.584,1.36905,1.36975,1.40,1.60
2008.12.03 15:05:37.054,1.3692,1.36955,1.40,1.60
2008.12.03 15:05:37.454,1.3692,1.36965,1.40,3.20
2008.12.03 15:05:37.814,1.36915,1.3696,1.40,1.60
2008.12.03 15:05:38.064,1.3691,1.3696,1.00,1.60
2008.12.03 15:05:38.123,1.36905,1.36965,3.00,3.20
2008.12.03 15:05:38.734,1.36895,1.3695,6.00,1.60
2008.12.03 15:05:39.023,1.36905,1.36955,1.40,1.60
2008.12.03 15:05:39.424,1.36895,1.3695,1.40,1.60
2008.12.03 15:05:39.773,1.369,1.36965,1.40,3.20
2008.12.03 15:05:40.233,1.369,1.36975,5.20,3.80
2008.12.03 15:05:40.693,1.369,1.36975,5.40,1.60
2008.12.03 15:05:41.153,1.369,1.36975,5.40,5.40
2008.12.03 15:05:41.993,1.36915,1.3697,4.60,3.20
2008.12.03 15:05:42.453,1.3694,1.3698,1.40,3.20
2008.12.03 15:05:42.803,1.3692,1.36985,1.40,5.40
2008.12.03 15:05:43.153,1.36925,1.3699,4.00,1.60
2008.12.03 15:05:43.483,1.3693,1.3698,1.40,1.60
2008.12.03 15:05:43.832,1.3692,1.36965,3.00,1.60
2008.12.03 15:05:44.212,1.36915,1.36965,1.40,1.60
2008.12.03 15:05:44.662,1.36915,1.36965,4.60,1.60
2008.12.03 15:05:45.112,1.3691,1.36955,2.40,1.60
2008.12.03 15:05:45.562,1.3692,1.3698,3.00,1.60
2008.12.03 15:05:46.242,1.3692,1.3698,1.40,1.60
2008.12.03 15:05:46.652,1.3692,1.3697,1.40,1.60
2008.12.03 15:05:48.211,1.36915,1.3696,1.40,1.60
2008.12.03 15:05:48.431,1.3693,1.3696,1.40,2.20
2008.12.03 15:05:48.601,1.3693,1.36965,1.40,4.80
2008.12.03 15:05:49.001,1.3694,1.36965,1.40,1.60
2008.12.03 15:05:49.121,1.3693,1.36965,1.40,1.60
2008.12.03 15:05:49.801,1.36935,1.36965,1.60,1.60
2008.12.03 15:05:50.551,1.3695,1.3698,1.40,3.20
2008.12.03 15:05:50.900,1.3695,1.3702,1.40,4.80
2008.12.03 15:05:51.291,1.3695,1.3702,1.40,3.80
2008.12.03 15:05:51.611,1.3696,1.3702,2.00,3.80
2008.12.03 15:05:52.010,1.3696,1.3701,1.40,3.80
2008.12.03 15:05:52.410,1.3696,1.36995,1.40,1.60
2008.12.03 15:05:53.600,1.3696,1.3701,1.40,3.80
2008.12.03 15:05:54.020,1.3696,1.3701,1.40,1.60
2008.12.03 15:05:55.169,1.3696,1.37005,1.40,1.60
2008.12.03 15:05:55.569,1.36945,1.3699,5.20,1.60
2008.12.03 15:05:55.859,1.36945,1.3699,2.00,1.60
2008.12.03 15:05:56.159,1.3696,1.37015,1.40,5.40
2008.12.03 15:05:56.609,1.3696,1.3701,1.40,3.20
2008.12.03 15:05:56.949,1.3696,1.37025,1.40,4.80
2008.12.03 15:05:57.419,1.3695,1.37,2.00,1.60
2008.12.03 15:05:57.709,1.3695,1.37015,2.00,3.80
2008.12.03 15:05:58.009,1.3695,1.3701,2.00,1.60
2008.12.03 15:05:58.399,1.3695,1.37015,2.00,1.60
2008.12.03 15:05:58.919,1.3695,1.3701,2.00,1.60
2008.12.03 15:05:59.779,1.3695,1.37,2.00,1.60
2008.12.03 15:06:00.058,1.36945,1.36995,2.00,1.60
2008.12.03 15:06:00.508,1.3696,1.37005,1.00,1.60
2008.12.03 15:06:00.858,1.36935,1.3701,1.40,3.80
2008.12.03 15:06:01.148,1.36935,1.3701,1.40,1.60
2008.12.03 15:06:01.558,1.36935,1.3701,3.00,1.60
2008.12.03 15:06:01.998,1.3696,1.37015,1.40,7.00
2008.12.03 15:06:02.288,1.3696,1.37015,1.40,1.60
2008.12.03 15:06:04.647,1.3698,1.3703,1.40,1.60
2008.12.03 15:06:05.747,1.37005,1.3704,1.40,1.60
2008.12.03 15:06:06.267,1.37035,1.37095,1.40,1.60
2008.12.03 15:06:06.917,1.37035,1.37095,1.40,3.20
2008.12.03 15:06:07.257,1.37035,1.37115,6.00,1.60
2008.12.03 15:06:07.587,1.37055,1.37095,1.40,1.60
2008.12.03 15:06:08.047,1.37065,1.37105,1.40,2.20
2008.12.03 15:06:08.436,1.3707,1.371,1.40,3.20
2008.12.03 15:06:09.106,1.37075,1.37115,4.00,1.60
2008.12.03 15:06:09.446,1.3706,1.3713,5.40,2.20
2008.12.03 15:06:09.916,1.3707,1.37115,1.40,3.20
2008.12.03 15:06:10.546,1.37085,1.37115,1.40,3.20
2008.12.03 15:06:11.116,1.3709,1.37135,4.00,3.20
2008.12.03 15:06:11.796,1.371,1.3714,1.40,4.80
2008.12.03 15:06:12.145,1.371,1.37135,5.40,1.60
2008.12.03 15:06:12.435,1.3711,1.37135,4.00,1.60
2008.12.03 15:06:13.225,1.371,1.37135,5.40,1.60
2008.12.03 15:06:13.575,1.371,1.37135,1.40,3.80
2008.12.03 15:06:14.955,1.371,1.37125,1.40,2.20
2008.12.03 15:06:15.764,1.371,1.37125,2.00,3.80
2008.12.03 15:06:16.035,1.3711,1.37135,1.40,2.20
2008.12.03 15:06:16.614,1.371,1.37135,1.40,3.80
2008.12.03 15:06:17.074,1.371,1.3713,1.40,2.20
2008.12.03 15:06:17.564,1.37115,1.3713,1.40,2.20
2008.12.03 15:06:18.074,1.3709,1.3714,2.00,2.20
2008.12.03 15:06:18.484,1.371,1.3715,1.40,3.80
2008.12.03 15:06:19.304,1.371,1.37145,1.40,1.60
2008.12.03 15:06:19.693,1.371,1.37145,1.40,3.80
2008.12.03 15:06:20.034,1.371,1.3714,1.40,2.20
2008.12.03 15:06:20.503,1.37115,1.37145,1.40,3.80
2008.12.03 15:06:20.893,1.3711,1.3714,1.40,2.20
2008.12.03 15:06:21.464,1.37095,1.3714,1.40,2.20
2008.12.03 15:06:22.143,1.371,1.37135,1.40,2.20
2008.12.03 15:06:22.423,1.3711,1.37145,1.40,2.20
2008.12.03 15:06:22.653,1.3711,1.3713,1.40,2.20
2008.12.03 15:06:23.113,1.3707,1.37115,2.00,2.20
2008.12.03 15:06:23.573,1.37055,1.37125,1.40,4.80
2008.12.03 15:06:23.853,1.37055,1.37125,6.00,1.60
2008.12.03 15:06:24.473,1.37065,1.37125,2.00,1.60
2008.12.03 15:06:24.932,1.3709,1.37125,1.40,3.80
2008.12.03 15:06:25.692,1.371,1.3714,1.40,3.20
2008.12.03 15:06:26.042,1.37115,1.3715,1.40,1.60
2008.12.03 15:06:26.402,1.37125,1.37165,1.40,1.60
2008.12.03 15:06:27.552,1.3711,1.3715,2.00,1.60
2008.12.03 15:06:28.012,1.37115,1.37155,1.40,1.60
2008.12.03 15:06:28.351,1.3711,1.37145,1.40,1.60
2008.12.03 15:06:30.121,1.37095,1.3713,1.40,1.60
2008.12.03 15:06:30.801,1.371,1.37135,1.40,1.60
2008.12.03 15:06:31.601,1.3706,1.3713,7.00,1.60
2008.12.03 15:06:32.301,1.37055,1.3713,2.00,1.60
2008.12.03 15:06:32.710,1.37065,1.37115,1.40,2.20
2008.12.03 15:06:33.001,1.37075,1.37115,1.40,2.20
2008.12.03 15:06:33.410,1.37075,1.3712,1.40,2.20
2008.12.03 15:06:33.700,1.37075,1.37125,1.40,2.20
2008.12.03 15:06:34.340,1.37085,1.37125,1.40,2.20
2008.12.03 15:06:34.790,1.3707,1.3711,1.00,1.60
2008.12.03 15:06:35.140,1.3707,1.37105,1.00,2.20
2008.12.03 15:06:35.420,1.37055,1.37105,2.20,2.20
2008.12.03 15:06:35.780,1.3708,1.37105,1.60,2.20
2008.12.03 15:06:36.479,1.37095,1.37145,1.40,2.20
2008.12.03 15:06:36.889,1.3712,1.3717,1.40,2.20
2008.12.03 15:06:37.239,1.3712,1.37165,1.40,2.20
2008.12.03 15:06:37.699,1.37135,1.3717,1.40,2.20
2008.12.03 15:06:37.919,1.3713,1.37155,1.40,2.20
2008.12.03 15:06:38.309,1.37135,1.3718,1.40,5.40
2008.12.03 15:06:38.609,1.3711,1.37175,1.40,1.60
2008.12.03 15:06:38.959,1.3711,1.3717,2.00,3.80
2008.12.03 15:06:39.299,1.371,1.37155,1.40,1.60
2008.12.03 15:06:39.579,1.37105,1.37155,1.40,2.20
2008.12.03 15:06:40.048,1.37115,1.3718,1.40,7.00
2008.12.03 15:06:40.659,1.37115,1.3718,1.40,1.60
2008.12.03 15:06:41.178,1.37115,1.37175,1.40,7.00
2008.12.03 15:06:41.468,1.3712,1.3716,1.40,1.60
2008.12.03 15:06:41.958,1.37125,1.37155,1.40,1.60
2008.12.03 15:06:42.808,1.3709,1.37145,4.00,1.60
2008.12.03 15:06:43.238,1.3708,1.3714,4.00,1.60
2008.12.03 15:06:43.538,1.3707,1.37145,4.00,1.60
2008.12.03 15:06:44.048,1.37075,1.37145,4.40,1.60
2008.12.03 15:06:44.498,1.3706,1.3712,4.00,1.00
2008.12.03 15:06:44.897,1.37055,1.37085,4.40,1.60
2008.12.03 15:06:45.127,1.3706,1.37085,1.00,1.60
2008.12.03 15:06:45.527,1.3702,1.37065,3.20,1.60
2008.12.03 15:06:45.817,1.37,1.37065,1.40,3.80
2008.12.03 15:06:46.227,1.37,1.3705,1.40,1.60
2008.12.03 15:06:47.537,1.3701,1.3705,1.40,3.20
2008.12.03 15:06:47.887,1.37,1.37045,1.40,1.60
2008.12.03 15:06:49.007,1.37005,1.3705,1.40,1.60
2008.12.03 15:06:49.376,1.36995,1.37035,1.40,3.80
2008.12.03 15:06:49.766,1.3699,1.3703,1.40,1.60
2008.12.03 15:06:50.066,1.37,1.3704,1.40,1.60
2008.12.03 15:06:51.376,1.36995,1.3704,1.40,1.60
2008.12.03 15:06:53.605,1.36995,1.37035,1.40,1.60
2008.12.03 15:06:55.505,1.37,1.3704,1.40,1.60
2008.12.03 15:06:56.015,1.36995,1.37035,1.40,1.60
2008.12.03 15:06:56.925,1.3698,1.3703,2.00,1.60
2008.12.03 15:06:57.324,1.3698,1.3703,1.40,1.60
2008.12.03 15:06:58.364,1.3698,1.3702,1.40,1.60
2008.12.03 15:06:58.644,1.36975,1.37015,1.40,1.60
2008.12.03 15:06:59.044,1.3697,1.3701,1.40,1.60
2008.12.03 15:06:59.394,1.36975,1.37005,1.40,1.60
2008.12.03 15:07:00.084,1.36965,1.36995,1.40,1.60
2008.12.03 15:07:01.363,1.3696,1.3699,2.20,1.60
2008.12.03 15:07:01.764,1.36965,1.36995,1.40,1.60
2008.12.03 15:07:03.073,1.3696,1.36985,1.20,1.60
2008.12.03 15:07:03.183,1.3695,1.36985,2.20,1.60
2008.12.03 15:07:04.003,1.3696,1.3698,1.00,1.60
2008.12.03 15:07:04.973,1.3696,1.3698,1.00,3.20
2008.12.03 15:07:05.272,1.3696,1.36975,1.00,1.60
2008.12.03 15:07:05.613,1.3696,1.3698,1.00,1.60
2008.12.03 15:07:06.012,1.3695,1.3698,2.20,3.20
2008.12.03 15:07:10.681,1.3695,1.36975,2.20,1.60
2008.12.03 15:07:10.841,1.3696,1.3698,1.00,4.00
2008.12.03 15:07:11.431,1.3696,1.36975,1.00,1.60
2008.12.03 15:07:11.671,1.3696,1.3697,1.00,1.60
2008.12.03 15:07:12.031,1.3696,1.36975,1.00,1.60
2008.12.03 15:07:13.061,1.3696,1.36975,2.20,1.60
2008.12.03 15:07:13.521,1.3695,1.36985,2.20,3.20
2008.12.03 15:07:14.030,1.3695,1.3698,2.20,1.60
2008.12.03 15:07:14.310,1.3696,1.36975,1.00,1.60
2008.12.03 15:07:14.590,1.3696,1.3698,1.00,1.60
2008.12.03 15:07:17.050,1.3694,1.36955,1.70,1.00
2008.12.03 15:07:17.559,1.3696,1.36975,1.00,1.60
2008.12.03 15:07:17.799,1.3696,1.36985,1.00,3.20
2008.12.03 15:07:18.439,1.3696,1.3697,1.00,1.60
2008.12.03 15:07:19.419,1.3691,1.3696,3.20,1.60
2008.12.03 15:07:19.649,1.3691,1.36955,1.30,1.60
2008.12.03 15:07:20.519,1.3696,1.36965,1.00,5.70
2008.12.03 15:07:21.489,1.3696,1.36975,1.00,3.80
2008.12.03 15:07:21.829,1.3696,1.3698,1.00,2.20
2008.12.03 15:07:22.069,1.3696,1.36985,1.00,1.60
2008.12.03 15:07:23.288,1.3696,1.3698,1.00,2.20
2008.12.03 15:07:24.388,1.3696,1.36965,1.00,5.70
2008.12.03 15:07:24.718,1.369,1.36955,2.40,2.40
2008.12.03 15:07:24.838,1.3696,1.36965,1.00,7.40
2008.12.03 15:07:25.118,1.3696,1.3697,1.00,2.40
2008.12.03 15:07:25.398,1.3688,1.3698,4.40,2.20
2008.12.03 15:07:25.918,1.36885,1.3697,1.00,2.20
2008.12.03 15:07:26.258,1.36865,1.3696,5.20,2.20
2008.12.03 15:07:26.717,1.3688,1.36935,3.60,1.60
2008.12.03 15:07:27.177,1.3688,1.36925,4.60,1.60
2008.12.03 15:07:27.537,1.3687,1.36915,1.00,1.60
2008.12.03 15:07:27.827,1.3686,1.3691,4.00,3.20
2008.12.03 15:07:28.177,1.36865,1.3691,1.40,1.60
2008.12.03 15:07:29.367,1.36875,1.3691,1.40,1.60
2008.12.03 15:07:29.897,1.36875,1.3692,1.40,1.60
2008.12.03 15:07:30.466,1.3687,1.3692,3.60,1.60
2008.12.03 15:07:31.886,1.36865,1.3692,6.00,1.60
2008.12.03 15:07:32.686,1.36865,1.36905,4.40,1.60
2008.12.03 15:07:33.156,1.3686,1.3689,4.00,1.60
2008.12.03 15:07:33.706,1.3682,1.3688,5.40,1.60
2008.12.03 15:07:34.095,1.3682,1.3688,4.00,1.60
2008.12.03 15:07:34.385,1.3682,1.36905,4.00,1.60
2008.12.03 15:07:35.145,1.36835,1.3691,4.40,1.60
2008.12.03 15:07:35.435,1.36835,1.3689,4.40,1.60
2008.12.03 15:07:35.775,1.3685,1.36895,1.00,4.00
2008.12.03 15:07:36.005,1.36855,1.3689,1.00,1.60
2008.12.03 15:07:36.795,1.3684,1.36925,7.20,5.40
2008.12.03 15:07:37.165,1.36845,1.3692,5.40,3.20
2008.12.03 15:07:37.515,1.36845,1.3693,4.40,2.40
2008.12.03 15:07:37.935,1.3685,1.36915,1.00,3.80
2008.12.03 15:07:38.275,1.36865,1.36915,1.00,7.00
2008.12.03 15:07:38.685,1.3687,1.3691,1.00,1.60
2008.12.03 15:07:39.084,1.3687,1.36915,1.00,2.20
2008.12.03 15:07:39.594,1.36845,1.36915,1.40,5.40
2008.12.03 15:07:40.594,1.36865,1.36915,1.00,5.40
2008.12.03 15:07:41.964,1.36875,1.36915,1.00,5.40
2008.12.03 15:07:42.244,1.3687,1.36915,1.00,5.40
2008.12.03 15:07:44.743,1.3687,1.3691,1.00,3.80
2008.12.03 15:07:45.243,1.36865,1.36895,1.00,1.60
2008.12.03 15:07:46.942,1.3684,1.36895,1.40,1.60
2008.12.03 15:07:47.232,1.36845,1.3691,1.40,3.80
2008.12.03 15:07:48.062,1.36865,1.3691,1.00,3.80
2008.12.03 15:07:48.412,1.36865,1.3691,1.00,1.60
2008.12.03 15:07:48.632,1.3687,1.3691,1.00,1.60
2008.12.03 15:07:48.802,1.36865,1.3691,2.00,1.60
2008.12.03 15:07:49.142,1.36865,1.369,1.00,1.60
2008.12.03 15:07:51.002,1.36865,1.3689,1.00,1.60
2008.12.03 15:07:51.111,1.36855,1.3689,2.00,1.60
2008.12.03 15:07:52.161,1.36865,1.3689,1.00,1.60
2008.12.03 15:07:52.751,1.36855,1.3689,1.40,1.60
2008.12.03 15:07:59.020,1.36855,1.3689,2.00,1.60
2008.12.03 15:07:59.409,1.36855,1.3689,1.40,1.60
2008.12.03 15:07:59.630,1.36855,1.3689,2.00,1.60
2008.12.03 15:08:00.959,1.36865,1.36905,2.00,1.60
2008.12.03 15:08:01.199,1.3687,1.36915,2.00,4.80
2008.12.03 15:08:01.549,1.36885,1.3692,1.00,1.60
2008.12.03 15:08:01.899,1.3688,1.36925,1.40,1.60
2008.12.03 15:08:02.989,1.36895,1.36935,1.40,4.80
2008.12.03 15:08:03.209,1.36905,1.36945,1.40,5.40
2008.12.03 15:08:03.388,1.36905,1.36955,1.40,4.80
2008.12.03 15:08:03.918,1.36905,1.36955,1.40,1.60
2008.12.03 15:08:04.438,1.3689,1.3696,5.40,11.20
2008.12.03 15:08:04.668,1.369,1.3696,4.00,12.80
2008.12.03 15:08:05.138,1.369,1.36955,4.00,1.60
2008.12.03 15:08:05.628,1.36905,1.3695,4.40,1.60
2008.12.03 15:08:05.928,1.3691,1.3695,3.60,1.60
2008.12.03 15:08:06.838,1.3692,1.36955,3.00,1.60
2008.12.03 15:08:07.127,1.36895,1.36955,1.40,1.60
2008.12.03 15:08:07.538,1.36895,1.3696,1.40,9.60
2008.12.03 15:08:07.997,1.36895,1.3696,2.00,8.00
2008.12.03 15:08:08.507,1.369,1.3696,4.60,11.20
2008.12.03 15:08:09.097,1.36915,1.3696,1.60,8.00
2008.12.03 15:08:09.437,1.3692,1.3696,4.40,8.00
2008.12.03 15:08:09.927,1.36925,1.3696,3.60,8.00
2008.12.03 15:08:10.267,1.36915,1.3696,7.60,8.00
2008.12.03 15:08:10.717,1.36915,1.3696,4.40,8.00
2008.12.03 15:08:11.176,1.3692,1.3696,3.00,9.60
2008.12.03 15:08:11.526,1.36895,1.3696,5.40,9.60
2008.12.03 15:08:11.817,1.36895,1.3696,2.00,9.60
2008.12.03 15:08:12.227,1.36905,1.3696,1.00,9.60
2008.12.03 15:08:13.136,1.36905,1.3696,2.00,9.60
2008.12.03 15:08:14.746,1.3692,1.3696,1.40,8.00
2008.12.03 15:08:16.195,1.36935,1.3696,1.00,8.00
2008.12.03 15:08:16.655,1.36955,1.36985,1.40,2.20
2008.12.03 15:08:17.205,1.36955,1.37005,1.40,3.80
2008.12.03 15:08:17.665,1.36965,1.37005,1.40,1.60
2008.12.03 15:08:18.395,1.3694,1.36995,4.60,1.60
2008.12.03 15:08:18.855,1.3694,1.36995,3.00,1.60
2008.12.03 15:08:19.195,1.3694,1.36995,1.40,1.60
2008.12.03 15:08:19.554,1.36955,1.37005,1.40,7.00
2008.12.03 15:08:19.974,1.36965,1.37005,1.00,1.60
2008.12.03 15:08:20.355,1.36965,1.3701,2.00,1.60
2008.12.03 15:08:20.934,1.3696,1.3701,6.00,1.60
2008.12.03 15:08:21.154,1.3697,1.37015,1.40,1.60
2008.12.03 15:08:21.494,1.3698,1.37015,1.00,1.60
2008.12.03 15:08:21.834,1.36945,1.37,6.00,1.60
2008.12.03 15:08:22.234,1.36945,1.37,1.40,1.60
2008.12.03 15:08:22.684,1.36955,1.36995,1.00,1.60
2008.12.03 15:08:23.044,1.3693,1.3699,1.40,1.60
2008.12.03 15:08:23.773,1.3695,1.3699,1.00,1.60
2008.12.03 15:08:24.514,1.3696,1.37,1.00,2.20
2008.12.03 15:08:25.133,1.3696,1.37015,1.00,7.00
2008.12.03 15:08:25.713,1.36945,1.37015,3.00,7.00
2008.12.03 15:08:26.073,1.36965,1.37015,1.00,7.00
2008.12.03 15:08:26.573,1.36965,1.3702,1.00,1.60
2008.12.03 15:08:27.073,1.3693,1.37005,4.60,1.60
2008.12.03 15:08:27.593,1.3693,1.37005,3.00,1.60
2008.12.03 15:08:27.873,1.3696,1.37005,1.00,1.60
2008.12.03 15:08:28.402,1.3693,1.36995,3.60,1.60
2008.12.03 15:08:28.622,1.36945,1.37,1.40,1.60
2008.12.03 15:08:29.412,1.36955,1.3701,1.40,1.60
2008.12.03 15:08:29.582,1.3697,1.37015,1.40,1.60
2008.12.03 15:08:30.592,1.36965,1.3701,1.00,1.60
2008.12.03 15:08:32.191,1.36955,1.3701,1.40,1.60
2008.12.03 15:08:32.811,1.3695,1.37,5.40,1.60
2008.12.03 15:08:33.231,1.36965,1.37,1.00,1.60
2008.12.03 15:08:33.561,1.3696,1.37,1.00,1.60
2008.12.03 15:08:33.791,1.36965,1.37,1.00,1.60
2008.12.03 15:08:34.151,1.3695,1.37,2.00,1.60
2008.12.03 15:08:34.911,1.3695,1.37,1.40,1.60
2008.12.03 15:08:36.110,1.3695,1.37,2.00,1.60
2008.12.03 15:08:36.581,1.36935,1.37,3.60,1.60
2008.12.03 15:08:37.090,1.3695,1.37,1.40,3.80
2008.12.03 15:08:37.430,1.3695,1.37,1.40,1.60
2008.12.03 15:08:37.930,1.36945,1.36995,1.40,1.60
2008.12.03 15:08:38.430,1.36935,1.36995,1.40,1.60
2008.12.03 15:08:38.590,1.36945,1.36995,1.40,3.80
2008.12.03 15:08:38.890,1.36945,1.36995,1.40,7.00
2008.12.03 15:08:39.420,1.3696,1.36995,1.40,4.80
2008.12.03 15:08:39.679,1.36935,1.36975,1.00,1.60
2008.12.03 15:08:40.300,1.3693,1.3696,4.00,1.60
2008.12.03 15:08:40.759,1.36875,1.3695,4.00,1.60
2008.12.03 15:08:40.979,1.3687,1.36945,4.00,3.20
2008.12.03 15:08:41.749,1.36885,1.36935,3.00,5.40
2008.12.03 15:08:42.219,1.3687,1.3692,2.00,1.60
2008.12.03 15:08:42.799,1.36885,1.3694,1.40,7.00
2008.12.03 15:08:43.299,1.36885,1.3694,1.40,1.60
2008.12.03 15:08:44.199,1.3689,1.36925,1.40,1.60
2008.12.03 15:08:45.518,1.36885,1.3692,1.40,1.60
2008.12.03 15:08:45.868,1.36875,1.3691,1.40,1.60
2008.12.03 15:08:49.967,1.36875,1.3691,2.00,1.60
2008.12.03 15:08:50.328,1.3687,1.3689,1.60,1.60
2008.12.03 15:08:51.247,1.3687,1.36885,1.60,1.60
2008.12.03 15:08:51.817,1.36815,1.36855,1.00,1.60
2008.12.03 15:08:52.097,1.36785,1.36855,1.40,1.60
2008.12.03 15:08:52.676,1.3679,1.3686,1.40,1.60
2008.12.03 15:08:53.076,1.36815,1.3686,1.40,5.40
2008.12.03 15:08:53.587,1.36815,1.3685,1.40,1.60
2008.12.03 15:08:53.826,1.36815,1.36865,2.00,1.60
2008.12.03 15:08:54.166,1.36815,1.36865,1.40,1.60
2008.12.03 15:08:54.866,1.3683,1.36865,1.40,1.60
2008.12.03 15:08:55.316,1.3682,1.3685,1.40,1.60
2008.12.03 15:08:56.516,1.3682,1.36845,2.00,1.60
2008.12.03 15:08:57.435,1.36815,1.36845,2.00,1.60
2008.12.03 15:08:59.875,1.3682,1.3684,1.00,1.60
2008.12.03 15:09:00.165,1.36825,1.3685,1.40,1.60
2008.12.03 15:09:01.334,1.36825,1.3685,2.00,1.60
2008.12.03 15:09:02.224,1.3683,1.36855,2.00,1.60
2008.12.03 15:09:03.254,1.3683,1.36855,1.40,1.60
2008.12.03 15:09:04.094,1.3683,1.36855,2.00,1.60
2008.12.03 15:09:04.614,1.3683,1.36855,1.40,1.60
2008.12.03 15:09:05.193,1.36835,1.3686,1.40,1.60
2008.12.03 15:09:12.862,1.3683,1.36855,1.40,1.60
2008.12.03 15:09:14.121,1.36815,1.3684,1.00,1.60
2008.12.03 15:09:14.291,1.36805,1.3684,2.00,1.60
2008.12.03 15:09:14.701,1.36805,1.3683,1.00,1.60
2008.12.03 15:09:17.541,1.3681,1.36825,1.00,1.60
2008.12.03 15:09:17.841,1.3681,1.3682,1.00,1.60
2008.12.03 15:09:18.310,1.36775,1.3682,2.00,1.60
2008.12.03 15:09:18.890,1.3678,1.3681,1.00,1.60
2008.12.03 15:09:19.130,1.36765,1.3681,2.00,1.60
2008.12.03 15:09:19.360,1.3676,1.36805,2.00,1.60
2008.12.03 15:09:19.590,1.36775,1.36805,1.00,1.60
2008.12.03 15:09:20.220,1.36775,1.368,1.00,1.60
2008.12.03 15:09:20.820,1.36775,1.36805,1.00,1.60
2008.12.03 15:09:21.330,1.3676,1.36805,1.40,1.60
2008.12.03 15:09:22.529,1.3677,1.36795,1.00,1.60
2008.12.03 15:09:22.752,1.3678,1.36795,1.00,1.60
2008.12.03 15:09:23.159,1.3678,1.36805,1.00,4.80
2008.12.03 15:09:23.439,1.3678,1.36805,1.00,1.60
2008.12.03 15:09:23.589,1.3678,1.36805,1.00,1.00
2008.12.03 15:09:24.349,1.3678,1.36805,1.00,1.60
2008.12.03 15:09:27.488,1.36775,1.36805,1.00,1.60
2008.12.03 15:09:27.838,1.3677,1.36805,2.00,1.60
2008.12.03 15:09:28.048,1.36775,1.3681,2.00,1.60
2008.12.03 15:09:28.668,1.36785,1.36805,1.00,1.60
2008.12.03 15:09:29.008,1.36795,1.36805,1.00,1.60
2008.12.03 15:09:29.298,1.3676,1.36805,2.00,1.60
2008.12.03 15:09:29.468,1.3675,1.36785,1.00,1.60
2008.12.03 15:09:29.808,1.36755,1.36805,1.40,1.60
2008.12.03 15:09:30.607,1.3677,1.3681,1.40,1.60
2008.12.03 15:09:30.997,1.3677,1.3681,2.00,1.60
2008.12.03 15:09:31.927,1.36765,1.36795,2.00,1.60
2008.12.03 15:09:33.507,1.36775,1.368,2.00,1.60
2008.12.03 15:09:34.206,1.36765,1.3679,2.00,1.60
2008.12.03 15:09:34.326,1.36765,1.3679,1.40,1.60
2008.12.03 15:09:34.727,1.36755,1.36785,1.40,1.60
2008.12.03 15:09:35.666,1.3675,1.36785,2.00,1.60
2008.12.03 15:09:36.116,1.3675,1.36785,1.40,1.60
2008.12.03 15:09:36.706,1.3675,1.36795,1.40,1.60
2008.12.03 15:09:37.356,1.36765,1.36795,1.00,1.60
2008.12.03 15:09:37.695,1.36765,1.368,1.00,1.60
2008.12.03 15:09:39.985,1.36765,1.3681,1.40,1.60
2008.12.03 15:09:40.965,1.3678,1.36845,1.00,1.60
2008.12.03 15:09:41.715,1.3679,1.36845,1.00,1.60
2008.12.03 15:09:42.094,1.3679,1.3685,1.00,32.00
2008.12.03 15:09:42.255,1.3679,1.3685,3.60,32.00
2008.12.03 15:09:42.734,1.3679,1.3685,4.40,32.00
2008.12.03 15:09:43.124,1.36795,1.3685,4.40,32.00
2008.12.03 15:09:43.414,1.3681,1.3685,1.60,32.00
2008.12.03 15:09:43.824,1.3681,1.36865,1.60,7.00
2008.12.03 15:09:44.114,1.368,1.36865,3.00,5.40
2008.12.03 15:09:44.404,1.3682,1.3687,1.00,1.60
2008.12.03 15:09:44.804,1.3683,1.36865,1.00,1.60
2008.12.03 15:09:45.544,1.36825,1.36865,1.00,1.60
2008.12.03 15:09:46.084,1.3682,1.36865,1.40,1.60
2008.12.03 15:09:47.123,1.36805,1.36855,6.00,1.60
2008.12.03 15:09:47.463,1.36805,1.36855,3.00,1.60
2008.12.03 15:09:47.863,1.36805,1.36855,3.60,1.60
2008.12.03 15:09:48.193,1.36805,1.36855,2.00,1.60
2008.12.03 15:09:48.483,1.36805,1.36855,1.40,1.60
2008.12.03 15:09:49.003,1.368,1.3684,1.00,1.60
2008.12.03 15:09:49.343,1.3679,1.3684,1.00,1.60
2008.12.03 15:09:49.623,1.36765,1.3684,2.00,1.60
2008.12.03 15:09:50.183,1.36775,1.36835,1.00,1.60
2008.12.03 15:09:50.463,1.36775,1.36835,1.00,7.00
2008.12.03 15:09:51.032,1.36785,1.3683,1.00,3.20
2008.12.03 15:09:51.382,1.36785,1.3684,1.00,1.60
2008.12.03 15:09:52.712,1.3676,1.3684,7.60,1.60
2008.12.03 15:09:53.192,1.36765,1.3684,4.00,1.60
2008.12.03 15:09:53.652,1.36785,1.36845,1.00,7.00
2008.12.03 15:09:54.042,1.36785,1.3684,1.00,3.80
2008.12.03 15:09:54.212,1.3677,1.3683,1.00,2.20
2008.12.03 15:09:54.562,1.3674,1.3682,2.80,2.20
2008.12.03 15:09:54.832,1.3674,1.3682,2.00,3.80
2008.12.03 15:09:55.231,1.3676,1.3682,1.00,3.80
2008.12.03 15:09:55.641,1.3676,1.3682,1.00,3.80
2008.12.03 15:09:57.571,1.36765,1.3682,1.00,3.80
2008.12.03 15:09:58.151,1.36775,1.3682,1.00,2.20
2008.12.03 15:09:58.321,1.36775,1.3683,1.00,3.80
2008.12.03 15:10:00.180,1.3677,1.3683,1.00,3.80
2008.12.03 15:10:00.350,1.3677,1.36815,1.00,1.60
2008.12.03 15:10:00.990,1.3677,1.36815,2.00,1.60
2008.12.03 15:10:01.920,1.36775,1.368,1.00,1.60
2008.12.03 15:10:02.200,1.36775,1.3679,1.00,1.60
2008.12.03 15:10:02.579,1.3675,1.3679,1.40,1.60
2008.12.03 15:10:03.330,1.3673,1.36775,6.00,1.60
2008.12.03 15:10:03.899,1.36715,1.3679,1.40,1.60
2008.12.03 15:10:04.219,1.36715,1.36785,1.00,4.80
2008.12.03 15:10:04.579,1.3672,1.3677,1.00,2.20
2008.12.03 15:10:04.979,1.36705,1.36765,1.40,3.80
2008.12.03 15:10:05.599,1.36705,1.36765,1.40,7.00
2008.12.03 15:10:05.829,1.3672,1.3676,1.00,1.60
2008.12.03 15:10:06.169,1.36725,1.36765,1.40,7.00
2008.12.03 15:10:06.569,1.36725,1.36765,1.40,4.80
2008.12.03 15:10:06.798,1.3672,1.3676,1.00,1.60
2008.12.03 15:10:07.138,1.36735,1.3676,1.00,1.60
2008.12.03 15:10:07.468,1.3673,1.3676,1.00,1.60
2008.12.03 15:10:07.639,1.3669,1.3676,3.00,3.80
2008.12.03 15:10:07.868,1.36685,1.3676,1.40,3.80
2008.12.03 15:10:08.149,1.3671,1.3676,1.00,1.60
2008.12.03 15:10:08.378,1.3671,1.3676,1.00,3.80
2008.12.03 15:10:09.008,1.36705,1.3676,1.00,3.80
2008.12.03 15:10:09.458,1.36715,1.3676,1.00,1.60
2008.12.03 15:10:09.768,1.3668,1.3676,4.00,1.60
2008.12.03 15:10:10.068,1.36695,1.3675,1.00,2.20
2008.12.03 15:10:10.518,1.3671,1.3675,1.00,3.20
2008.12.03 15:10:10.848,1.3671,1.36745,1.00,1.60
2008.12.03 15:10:11.157,1.36695,1.36745,1.00,1.60
2008.12.03 15:10:11.658,1.36695,1.3675,1.00,2.20
2008.12.03 15:10:12.227,1.3666,1.36745,2.00,5.40
2008.12.03 15:10:12.627,1.3667,1.36745,1.00,7.00
2008.12.03 15:10:12.927,1.3667,1.36745,1.40,7.00
2008.12.03 15:10:13.387,1.36695,1.36745,1.40,3.80
2008.12.03 15:10:13.787,1.3671,1.3675,1.40,3.20
2008.12.03 15:10:14.367,1.36705,1.3676,1.40,1.60
2008.12.03 15:10:14.717,1.36705,1.3676,2.20,1.60
2008.12.03 15:10:15.127,1.3672,1.36765,1.40,1.60
2008.12.03 15:10:15.986,1.36705,1.3676,6.00,1.60
2008.12.03 15:10:16.376,1.36705,1.3676,5.20,1.60
2008.12.03 15:10:16.806,1.36705,1.3675,1.40,1.60
2008.12.03 15:10:17.156,1.36695,1.36745,2.00,1.60
2008.12.03 15:10:17.876,1.36695,1.36745,1.40,1.60
2008.12.03 15:10:18.696,1.36705,1.3675,1.40,3.80
2008.12.03 15:10:19.035,1.36705,1.3675,1.40,1.60
2008.12.03 15:10:19.376,1.367,1.3674,1.40,1.60
2008.12.03 15:10:19.895,1.36705,1.3675,1.40,1.60
2008.12.03 15:10:20.305,1.36705,1.3674,1.40,1.60
2008.12.03 15:10:20.595,1.3672,1.36755,1.40,1.60
2008.12.03 15:10:21.976,1.36715,1.36755,1.00,1.60
2008.12.03 15:10:22.205,1.36715,1.3674,1.00,1.60
2008.12.03 15:10:22.595,1.3668,1.3674,2.00,1.60
2008.12.03 15:10:25.614,1.3669,1.3674,1.40,1.60
2008.12.03 15:10:26.114,1.3669,1.3674,2.00,1.60
2008.12.03 15:10:27.714,1.3669,1.3674,1.40,1.60
2008.12.03 15:10:27.884,1.3669,1.3674,2.00,1.60
2008.12.03 15:10:29.003,1.3668,1.3673,2.00,1.60
2008.12.03 15:10:29.463,1.3668,1.3673,1.40,1.60
2008.12.03 15:10:29.743,1.36695,1.3673,1.00,1.60
2008.12.03 15:10:30.083,1.3668,1.3673,2.00,1.60
2008.12.03 15:10:30.653,1.3669,1.3673,1.00,1.60
2008.12.03 15:10:31.223,1.36675,1.36725,1.40,1.60
2008.12.03 15:10:32.302,1.3668,1.3673,1.40,1.60
2008.12.03 15:10:33.052,1.3669,1.3674,1.40,1.60
2008.12.03 15:10:33.292,1.36685,1.3673,4.00,1.60
2008.12.03 15:10:34.552,1.36685,1.36725,4.00,1.60
2008.12.03 15:10:35.871,1.36675,1.36725,2.00,1.60
2008.12.03 15:10:36.551,1.36665,1.36715,1.40,1.60
2008.12.03 15:10:36.961,1.3666,1.3671,2.00,1.60
2008.12.03 15:10:37.371,1.3666,1.3671,1.40,1.60
2008.12.03 15:10:38.101,1.36665,1.36715,1.40,1.60
2008.12.03 15:10:38.561,1.36675,1.3672,1.40,1.60
2008.12.03 15:10:39.471,1.3667,1.3671,1.40,3.80
2008.12.03 15:10:39.931,1.3667,1.36705,1.40,2.20
2008.12.03 15:10:41.970,1.3666,1.36695,1.00,1.60
2008.12.03 15:10:42.470,1.36665,1.36695,1.40,2.20
2008.12.03 15:10:42.760,1.36665,1.36705,1.40,2.20
2008.12.03 15:10:43.260,1.36665,1.3671,1.40,2.20
2008.12.03 15:10:43.600,1.36665,1.36715,1.40,1.60
2008.12.03 15:10:43.939,1.36685,1.3672,1.40,3.80
2008.12.03 15:10:44.340,1.36685,1.3672,1.40,1.60
2008.12.03 15:10:45.189,1.36695,1.3672,1.40,3.20
2008.12.03 15:10:45.469,1.3667,1.36715,1.00,1.60
2008.12.03 15:10:45.749,1.3666,1.36715,2.00,1.60
2008.12.03 15:10:46.779,1.36665,1.367,1.40,1.60
2008.12.03 15:10:49.308,1.36675,1.3671,1.40,1.60
2008.12.03 15:10:49.758,1.36665,1.367,1.40,1.60
2008.12.03 15:10:51.808,1.36665,1.367,2.00,1.60
2008.12.03 15:10:52.657,1.3667,1.36715,1.40,1.60
2008.12.03 15:10:52.988,1.36675,1.36705,1.40,1.60
2008.12.03 15:10:53.287,1.36675,1.36705,2.00,1.60
2008.12.03 15:10:54.837,1.3667,1.367,2.00,1.60
2008.12.03 15:10:55.067,1.36675,1.36705,2.00,1.60
2008.12.03 15:10:55.287,1.3667,1.367,2.00,1.60
2008.12.03 15:10:55.677,1.36675,1.36705,2.00,1.60
2008.12.03 15:10:56.087,1.3669,1.36715,1.40,1.60
2008.12.03 15:10:56.477,1.36675,1.36715,2.00,1.60
2008.12.03 15:10:56.887,1.3669,1.36715,2.00,1.60
2008.12.03 15:10:57.396,1.36665,1.3671,1.40,1.60
2008.12.03 15:10:58.626,1.3667,1.3671,2.00,1.60
2008.12.03 15:10:59.576,1.3667,1.3671,1.40,1.60
2008.12.03 15:11:00.026,1.3667,1.367,1.40,1.60
2008.12.03 15:11:00.426,1.3666,1.3669,1.40,1.60
2008.12.03 15:11:01.246,1.36635,1.36675,4.60,1.60
2008.12.03 15:11:01.645,1.36625,1.36665,1.00,1.60
2008.12.03 15:11:02.095,1.36615,1.36665,33.60,1.60
2008.12.03 15:11:03.695,1.3662,1.3666,35.00,1.60
2008.12.03 15:11:04.225,1.36635,1.36675,2.00,4.80
2008.12.03 15:11:04.684,1.36635,1.36675,1.40,1.60
2008.12.03 15:11:05.294,1.36635,1.36675,2.00,1.60
2008.12.03 15:11:05.674,1.3662,1.3666,36.60,1.60
2008.12.03 15:11:06.075,1.36635,1.36695,1.40,1.60
2008.12.03 15:11:06.364,1.36615,1.36685,1.40,1.60
2008.12.03 15:11:06.704,1.36645,1.36685,1.00,1.60
2008.12.03 15:11:07.284,1.36615,1.36675,1.40,1.60
2008.12.03 15:11:07.914,1.36635,1.36675,1.00,1.60
2008.12.03 15:11:08.294,1.36635,1.3667,1.00,1.60
2008.12.03 15:11:08.703,1.36645,1.3666,1.00,1.60
2008.12.03 15:11:09.043,1.3664,1.3666,1.00,1.60
2008.12.03 15:11:09.573,1.36635,1.3666,1.00,1.60
2008.12.03 15:11:10.423,1.3664,1.3666,1.00,1.60
2008.12.03 15:11:11.243,1.36635,1.3666,1.00,1.60
2008.12.03 15:11:11.543,1.3665,1.3667,1.00,3.80
2008.12.03 15:11:11.713,1.36615,1.3667,1.40,1.60
2008.12.03 15:11:12.513,1.36635,1.3667,1.00,1.60
2008.12.03 15:11:14.862,1.3665,1.3667,1.00,1.60
2008.12.03 15:11:17.732,1.36645,1.3667,1.00,1.60
2008.12.03 15:11:18.081,1.36635,1.3667,1.40,1.60
2008.12.03 15:11:18.371,1.3663,1.36655,1.00,1.60
2008.12.03 15:11:18.961,1.36625,1.3665,1.00,1.60
2008.12.03 15:11:19.201,1.3662,1.3665,33.60,1.60
2008.12.03 15:11:19.371,1.3662,1.36635,33.60,1.60
2008.12.03 15:11:20.231,1.36595,1.36635,2.00,1.60
2008.12.03 15:11:20.731,1.3661,1.36625,33.60,1.60
2008.12.03 15:11:21.021,1.36595,1.36625,1.00,1.60
2008.12.03 15:11:21.720,1.3661,1.36635,1.00,1.60
2008.12.03 15:11:22.241,1.36615,1.36635,1.00,1.60
2008.12.03 15:11:22.521,1.3661,1.3664,2.00,1.60
2008.12.03 15:11:23.210,1.3661,1.3664,1.40,1.60
2008.12.03 15:11:23.850,1.36605,1.3663,1.40,1.60
2008.12.03 15:11:24.180,1.3661,1.3664,2.00,1.60
2008.12.03 15:11:24.510,1.3661,1.3664,1.40,1.60
2008.12.03 15:11:25.619,1.3662,1.36645,2.00,1.60
2008.12.03 15:11:26.009,1.3662,1.3664,1.00,2.20
2008.12.03 15:11:26.119,1.36605,1.3664,3.00,3.20
2008.12.03 15:11:26.409,1.36605,1.36665,3.00,3.80
2008.12.03 15:11:26.579,1.36605,1.36645,1.00,1.60
2008.12.03 15:11:26.879,1.36595,1.36645,2.00,1.60
2008.12.03 15:11:27.870,1.3661,1.3664,1.40,1.60
2008.12.03 15:11:28.379,1.36595,1.36635,1.40,1.60
2008.12.03 15:11:28.559,1.3661,1.3664,1.00,1.60
2008.12.03 15:11:28.959,1.366,1.3664,1.40,1.60
2008.12.03 15:11:31.968,1.36605,1.36625,1.60,1.60
2008.12.03 15:11:32.328,1.3662,1.3665,1.40,1.60
2008.12.03 15:11:32.908,1.36625,1.3666,1.40,1.60
2008.12.03 15:11:33.658,1.3661,1.36645,4.40,1.60
2008.12.03 15:11:33.917,1.36605,1.36645,2.00,1.60
2008.12.03 15:11:34.357,1.36595,1.3663,1.00,1.60
2008.12.03 15:11:34.587,1.3656,1.3663,13.40,1.60
2008.12.03 15:11:34.967,1.36595,1.3664,1.00,2.20
2008.12.03 15:11:35.318,1.3657,1.36645,5.40,4.80
2008.12.03 15:11:36.047,1.3658,1.3664,4.00,3.20
2008.12.03 15:11:36.387,1.366,1.36645,1.00,1.60
2008.12.03 15:11:36.737,1.36575,1.36645,5.60,4.80
2008.12.03 15:11:37.087,1.36575,1.36645,4.00,4.80
2008.12.03 15:11:37.537,1.3658,1.3663,4.00,1.60
2008.12.03 15:11:37.947,1.36585,1.36665,4.00,7.00
2008.12.03 15:11:38.347,1.3659,1.3665,4.40,3.20
2008.12.03 15:11:38.686,1.36595,1.3666,1.00,1.60
2008.12.03 15:11:39.086,1.366,1.3665,1.00,1.60
2008.12.03 15:11:39.506,1.36615,1.3666,1.00,3.80
2008.12.03 15:11:39.726,1.36615,1.36645,1.00,1.60
2008.12.03 15:11:40.196,1.36595,1.3663,1.00,1.60
2008.12.03 15:11:40.556,1.366,1.3663,1.00,1.60
2008.12.03 15:11:40.959,1.3657,1.3663,3.20,1.60
2008.12.03 15:11:41.426,1.3658,1.36625,1.00,2.20
2008.12.03 15:11:41.806,1.3657,1.36615,3.20,1.60
2008.12.03 15:11:41.916,1.3656,1.36615,3.20,1.60
2008.12.03 15:11:42.585,1.36585,1.36615,1.00,1.60
2008.12.03 15:11:42.875,1.36585,1.3662,1.00,3.20
2008.12.03 15:11:43.455,1.3657,1.3663,1.40,1.60
2008.12.03 15:11:44.035,1.36565,1.36625,3.00,1.60
2008.12.03 15:11:44.265,1.36555,1.3661,10.80,1.60
2008.12.03 15:11:44.606,1.36575,1.3661,1.00,1.60
2008.12.03 15:11:45.115,1.3655,1.3661,1.60,1.60
2008.12.03 15:11:45.455,1.36555,1.36615,3.60,1.60
2008.12.03 15:11:45.815,1.3658,1.3661,1.00,1.60
2008.12.03 15:11:46.164,1.3659,1.3661,1.00,1.60
2008.12.03 15:11:46.824,1.3658,1.3662,1.00,1.60
2008.12.03 15:11:47.124,1.3658,1.3662,1.60,1.60
2008.12.03 15:11:47.694,1.36605,1.36635,1.00,1.00
2008.12.03 15:11:48.184,1.36605,1.36635,1.00,1.60
2008.12.03 15:11:49.074,1.3659,1.36645,3.00,1.60
2008.12.03 15:11:50.184,1.36595,1.36645,1.60,1.60
2008.12.03 15:11:50.594,1.3662,1.36635,1.00,1.60
2008.12.03 15:11:51.073,1.36585,1.36635,1.60,1.60
2008.12.03 15:11:51.533,1.36615,1.36645,1.00,1.60
2008.12.03 15:11:52.183,1.36615,1.36655,1.00,4.80
2008.12.03 15:11:52.423,1.36605,1.36645,1.00,1.60
2008.12.03 15:11:52.773,1.36615,1.36655,1.00,1.60
2008.12.03 15:11:53.233,1.36615,1.36645,1.00,1.60
2008.12.03 15:11:53.772,1.366,1.3665,7.00,1.60
2008.12.03 15:11:53.933,1.36615,1.3665,1.00,1.60
2008.12.03 15:11:55.812,1.3664,1.36665,1.00,1.60
2008.12.03 15:11:56.602,1.36615,1.3666,4.00,1.60
2008.12.03 15:11:57.012,1.3661,1.3666,2.00,1.60
2008.12.03 15:11:57.542,1.3661,1.3666,3.60,1.60
2008.12.03 15:11:57.842,1.36615,1.3666,2.00,1.60
2008.12.03 15:11:58.941,1.3662,1.3665,2.00,1.60
2008.12.03 15:11:59.631,1.36625,1.36645,1.00,1.60
2008.12.03 15:11:59.871,1.36615,1.36645,2.00,1.60
2008.12.03 15:12:00.262,1.36615,1.36645,1.40,1.60
2008.12.03 15:12:01.751,1.3658,1.3664,7.80,1.60
2008.12.03 15:12:02.261,1.3659,1.3664,1.00,1.60
2008.12.03 15:12:02.670,1.3658,1.36655,3.60,1.60
2008.12.03 15:12:03.001,1.366,1.3665,1.00,1.60
2008.12.03 15:12:03.410,1.366,1.36625,1.00,1.60
2008.12.03 15:12:03.880,1.36585,1.3662,1.00,1.60
2008.12.03 15:12:04.340,1.3657,1.3662,1.40,1.60
2008.12.03 15:12:04.680,1.3657,1.36605,1.40,3.80
2008.12.03 15:12:05.020,1.3657,1.3659,2.00,2.20
2008.12.03 15:12:05.390,1.36545,1.36575,18.00,1.60
2008.12.03 15:12:05.750,1.36545,1.3659,17.60,1.60
2008.12.03 15:12:06.390,1.36545,1.3659,19.00,1.60
2008.12.03 15:12:06.919,1.36555,1.3658,1.40,1.60
2008.12.03 15:12:07.149,1.3655,1.3657,17.60,1.60
2008.12.03 15:12:07.489,1.3655,1.3656,17.60,1.60
2008.12.03 15:12:08.139,1.3655,1.36555,17.60,1.60
2008.12.03 15:12:08.480,1.36515,1.36555,1.40,1.60
2008.12.03 15:12:09.339,1.36515,1.36555,1.00,1.60
2008.12.03 15:12:09.509,1.36505,1.36555,5.40,1.60
2008.12.03 15:12:09.979,1.36515,1.36555,2.00,1.60
2008.12.03 15:12:10.159,1.36515,1.36555,1.40,1.60
2008.12.03 15:12:10.379,1.3651,1.3654,1.40,1.60
2008.12.03 15:12:10.889,1.3652,1.36545,2.00,1.60
2008.12.03 15:12:11.288,1.36525,1.3654,1.00,1.60
2008.12.03 15:12:11.698,1.3651,1.3654,2.00,1.60
2008.12.03 15:12:12.568,1.3651,1.36565,3.60,1.60
2008.12.03 15:12:12.978,1.36515,1.36565,2.00,1.60
2008.12.03 15:12:13.328,1.3653,1.3657,1.00,1.60
2008.12.03 15:12:13.618,1.3653,1.3655,1.00,1.60
2008.12.03 15:12:13.959,1.36535,1.3655,1.00,1.60
2008.12.03 15:12:14.128,1.3653,1.3661,1.60,7.00
2008.12.03 15:12:14.468,1.3653,1.36575,4.40,1.60
2008.12.03 15:12:15.177,1.3653,1.36545,1.00,1.60
2008.12.03 15:12:15.517,1.3652,1.36545,1.40,1.60
2008.12.03 15:12:15.968,1.3652,1.3658,1.60,1.60
2008.12.03 15:12:16.317,1.3652,1.3658,4.00,1.60
2008.12.03 15:12:16.657,1.3653,1.3658,1.60,1.60
2008.12.03 15:12:17.157,1.3653,1.36605,7.00,4.80
2008.12.03 15:12:17.497,1.3655,1.3661,1.60,3.20
2008.12.03 15:12:18.177,1.36565,1.36645,1.60,6.40
2008.12.03 15:12:18.417,1.36565,1.36645,2.40,8.60
2008.12.03 15:12:18.717,1.3658,1.36645,1.60,8.60
2008.12.03 15:12:19.076,1.3658,1.36645,1.60,5.40
2008.12.03 15:12:19.236,1.3658,1.36635,1.60,3.80
2008.12.03 15:12:19.356,1.36575,1.36635,4.40,3.80
2008.12.03 15:12:19.646,1.3658,1.36635,1.60,3.80
2008.12.03 15:12:19.816,1.36585,1.36635,2.80,3.80
2008.12.03 15:12:20.046,1.36585,1.36635,2.80,2.20
2008.12.03 15:12:20.166,1.3659,1.36635,1.00,1.60
2008.12.03 15:12:20.406,1.3658,1.36635,2.00,1.60
2008.12.03 15:12:20.696,1.3658,1.36635,1.40,1.60
2008.12.03 15:12:20.926,1.36575,1.36635,1.40,3.20
2008.12.03 15:12:21.737,1.36575,1.36635,2.00,3.20
2008.12.03 15:12:22.136,1.3657,1.36625,1.20,1.60
2008.12.03 15:12:22.526,1.36575,1.36635,1.40,1.60
2008.12.03 15:12:24.025,1.36585,1.36635,1.00,1.60
2008.12.03 15:12:25.015,1.36585,1.3664,1.00,1.60
2008.12.03 15:12:25.655,1.3657,1.36605,3.00,1.60
2008.12.03 15:12:26.055,1.3659,1.36625,1.40,3.20
2008.12.03 15:12:26.465,1.3659,1.3666,1.40,1.60
2008.12.03 15:12:26.985,1.36585,1.36635,2.00,1.60
2008.12.03 15:12:27.514,1.366,1.36645,3.00,1.60
2008.12.03 15:12:27.915,1.3661,1.36645,1.40,1.60
2008.12.03 15:12:29.224,1.3662,1.36645,1.40,1.60
2008.12.03 15:12:29.904,1.36625,1.3665,1.40,1.60
2008.12.03 15:12:31.314,1.3662,1.36645,1.40,1.60
2008.12.03 15:12:31.674,1.3662,1.3666,1.40,1.60
2008.12.03 15:12:32.423,1.36625,1.36655,1.40,1.60
2008.12.03 15:12:32.883,1.36635,1.3666,1.40,1.60
2008.12.03 15:12:38.592,1.36625,1.36655,1.40,1.60
2008.12.03 15:12:39.122,1.3662,1.36645,3.00,1.60
2008.12.03 15:12:39.662,1.3662,1.3666,3.00,1.60
2008.12.03 15:12:40.461,1.3662,1.3666,2.00,1.60
2008.12.03 15:12:40.761,1.3662,1.36645,1.40,1.60
2008.12.03 15:12:41.161,1.3661,1.3664,1.40,1.60
2008.12.03 15:12:42.321,1.36615,1.3664,1.60,1.60
2008.12.03 15:12:42.661,1.3662,1.36665,2.20,1.60
2008.12.03 15:12:42.951,1.3662,1.36665,3.00,1.60
2008.12.03 15:12:43.720,1.36635,1.3666,1.40,1.60
2008.12.03 15:12:44.750,1.3662,1.3666,3.00,1.60
2008.12.03 15:12:44.930,1.3662,1.3666,2.00,1.60
2008.12.03 15:12:45.170,1.3662,1.36645,1.40,1.60
2008.12.03 15:12:47.320,1.3661,1.3664,1.40,1.60
2008.12.03 15:12:47.719,1.36605,1.36635,1.60,1.60
2008.12.03 15:12:48.000,1.3659,1.36635,2.00,1.60
2008.12.03 15:12:48.729,1.36585,1.36635,1.60,1.60
2008.12.03 15:12:49.249,1.3658,1.36635,10.80,1.60
2008.12.03 15:12:49.469,1.3658,1.36635,9.60,1.60
2008.12.03 15:12:50.790,1.3658,1.3662,8.00,1.60
2008.12.03 15:12:52.009,1.36555,1.36615,3.00,1.60
2008.12.03 15:12:53.068,1.36555,1.36615,2.80,1.60
2008.12.03 15:12:53.518,1.36575,1.3661,1.40,2.20
2008.12.03 15:12:53.818,1.36575,1.36615,1.40,1.60
2008.12.03 15:12:56.538,1.36575,1.36615,3.00,1.60
2008.12.03 15:12:56.907,1.3658,1.36615,1.40,1.60
2008.12.03 15:13:02.926,1.3658,1.3661,1.40,1.60
2008.12.03 15:13:04.335,1.36555,1.366,5.40,1.60
2008.12.03 15:13:04.815,1.36555,1.36585,4.00,1.60
2008.12.03 15:13:05.205,1.36555,1.366,4.00,1.60
2008.12.03 15:13:05.485,1.3656,1.3659,4.00,3.20
2008.12.03 15:13:06.095,1.3655,1.3659,4.00,1.60
2008.12.03 15:13:06.445,1.3655,1.3658,4.00,1.60
2008.12.03 15:13:07.035,1.3654,1.3658,4.00,3.20
2008.12.03 15:13:07.455,1.3653,1.3658,4.00,3.20
2008.12.03 15:13:07.845,1.3653,1.36565,4.00,1.60
2008.12.03 15:13:08.765,1.3653,1.3656,4.00,1.60
2008.12.03 15:13:09.335,1.36515,1.36555,4.00,1.60
2008.12.03 15:13:09.674,1.3651,1.36555,4.00,1.60
2008.12.03 15:13:10.144,1.36495,1.3655,4.00,1.60
2008.12.03 15:13:10.434,1.3649,1.3655,2.00,1.60
2008.12.03 15:13:11.534,1.3648,1.36535,1.60,1.60
2008.12.03 15:13:11.894,1.36485,1.36535,4.00,1.60
2008.12.03 15:13:12.374,1.36485,1.3654,6.00,1.60
2008.12.03 15:13:12.724,1.36485,1.36525,5.40,1.60
2008.12.03 15:13:15.333,1.36475,1.3652,1.40,1.60
2008.12.03 15:13:15.623,1.36485,1.36525,1.40,1.60
2008.12.03 15:13:16.322,1.3649,1.36535,1.40,1.60
2008.12.03 15:13:17.113,1.36485,1.36525,1.40,1.60
2008.12.03 15:13:18.682,1.36485,1.36525,2.00,1.60
2008.12.03 15:13:19.072,1.365,1.3653,1.40,2.20
2008.12.03 15:13:19.572,1.36505,1.3653,1.40,2.20
2008.12.03 15:13:20.452,1.36505,1.3654,1.40,1.60
2008.12.03 15:13:21.082,1.3648,1.3653,2.00,1.60
2008.12.03 15:13:21.721,1.3648,1.36515,4.00,1.60
2008.12.03 15:13:22.171,1.36485,1.36525,4.00,1.60
2008.12.03 15:13:22.511,1.3648,1.36525,4.00,1.60
2008.12.03 15:13:22.911,1.36475,1.36505,5.40,1.60
2008.12.03 15:13:23.261,1.3649,1.36525,1.00,1.60
2008.12.03 15:13:23.581,1.36475,1.36525,1.40,1.60
2008.12.03 15:13:24.141,1.3649,1.3652,1.00,2.20
2008.12.03 15:13:24.591,1.36485,1.36515,1.40,3.80
2008.12.03 15:13:25.051,1.36485,1.36505,1.00,1.60
2008.12.03 15:13:25.690,1.3649,1.36515,2.00,3.80
2008.12.03 15:13:25.980,1.3649,1.3651,2.00,2.20
2008.12.03 15:13:26.370,1.3649,1.36515,2.00,1.60
2008.12.03 15:13:28.410,1.36495,1.3652,2.00,1.60
2008.12.03 15:13:29.039,1.36495,1.3652,3.60,1.60
2008.12.03 15:13:29.499,1.3651,1.36545,2.00,3.80
2008.12.03 15:13:29.780,1.3651,1.36545,2.00,1.60
2008.12.03 15:13:30.179,1.36515,1.36555,1.40,1.60
2008.12.03 15:13:30.889,1.3653,1.36555,1.40,1.60
2008.12.03 15:13:31.449,1.36525,1.3655,1.40,1.60
2008.12.03 15:13:32.229,1.3653,1.3656,1.40,1.60
2008.12.03 15:13:32.629,1.36535,1.36565,1.40,1.60
2008.12.03 15:13:35.008,1.36535,1.36565,2.00,1.60
2008.12.03 15:13:35.998,1.36545,1.3657,1.40,24.00
2008.12.03 15:13:36.468,1.3656,1.3657,1.40,24.00
2008.12.03 15:13:36.758,1.3656,1.36575,1.40,2.20
2008.12.03 15:13:37.408,1.3655,1.36575,1.40,2.20
2008.12.03 15:13:38.137,1.36565,1.36575,1.40,2.20
2008.12.03 15:13:39.097,1.3656,1.36575,1.40,2.20
2008.12.03 15:13:39.497,1.36565,1.36575,1.40,2.20
2008.12.03 15:13:40.188,1.3656,1.36575,1.40,2.20
2008.12.03 15:13:40.467,1.36565,1.36575,1.40,2.20
2008.12.03 15:13:42.066,1.36565,1.3659,1.40,2.20
2008.12.03 15:13:42.936,1.3656,1.3659,1.40,3.80
2008.12.03 15:13:43.846,1.3656,1.3659,1.40,1.60
2008.12.03 15:13:49.025,1.36565,1.36595,1.40,1.60
2008.12.03 15:13:49.985,1.3656,1.3659,1.40,1.60
2008.12.03 15:13:52.114,1.36545,1.36575,1.40,1.60
2008.12.03 15:13:52.584,1.3655,1.3658,1.40,1.60
2008.12.03 15:13:54.734,1.3656,1.3659,2.00,1.60
2008.12.03 15:13:55.253,1.3656,1.3659,1.40,1.60
2008.12.03 15:13:57.813,1.36565,1.36595,1.40,1.60
2008.12.03 15:13:59.012,1.36565,1.36595,1.40,3.80
2008.12.03 15:13:59.932,1.3656,1.3659,1.40,1.60
2008.12.03 15:14:00.372,1.3655,1.3658,1.40,1.60
2008.12.03 15:14:00.782,1.3655,1.3658,2.00,1.60
2008.12.03 15:14:01.812,1.3655,1.3658,1.40,1.60
2008.12.03 15:14:02.543,1.3656,1.3659,1.40,1.60
2008.12.03 15:14:03.111,1.36565,1.36595,1.40,1.60
2008.12.03 15:14:04.171,1.3656,1.3659,1.40,1.60
2008.12.03 15:14:05.321,1.3655,1.3658,1.40,1.60
2008.12.03 15:14:06.151,1.36545,1.36575,1.40,1.60
2008.12.03 15:14:06.500,1.36535,1.36565,5.40,1.60
2008.12.03 15:14:06.911,1.3655,1.366,1.40,1.60
2008.12.03 15:14:07.600,1.36555,1.36605,1.40,1.60
2008.12.03 15:14:08.040,1.3656,1.3659,1.40,1.60
2008.12.03 15:14:09.300,1.3655,1.3658,1.40,1.60
2008.12.03 15:14:09.760,1.36545,1.36575,2.00,1.60
2008.12.03 15:14:10.080,1.3655,1.3658,1.40,1.60
2008.12.03 15:14:10.440,1.3655,1.3658,2.00,1.60
2008.12.03 15:14:10.849,1.3655,1.3658,1.40,1.60
2008.12.03 15:14:12.039,1.3656,1.3659,1.40,1.60
2008.12.03 15:14:12.479,1.3655,1.3658,2.00,1.60
2008.12.03 15:14:12.949,1.3655,1.3658,1.40,1.60
2008.12.03 15:14:13.359,1.3656,1.3659,1.40,1.60
2008.12.03 15:14:13.589,1.3655,1.3658,2.00,1.60
2008.12.03 15:14:14.059,1.3655,1.3658,1.40,1.60
2008.12.03 15:14:14.349,1.3656,1.3659,1.40,1.60
2008.12.03 15:14:15.698,1.3656,1.3659,2.00,1.60
2008.12.03 15:14:16.388,1.3656,1.3659,1.40,1.60
2008.12.03 15:14:17.838,1.3656,1.3659,2.00,1.60
2008.12.03 15:14:19.327,1.36565,1.36595,2.00,1.60
2008.12.03 15:14:19.607,1.3658,1.3661,1.40,3.80
2008.12.03 15:14:20.137,1.3658,1.3661,2.00,3.80
2008.12.03 15:14:20.377,1.36575,1.366,1.40,1.60
2008.12.03 15:14:22.327,1.3658,1.36605,1.40,2.20
2008.12.03 15:14:22.607,1.3658,1.36605,2.00,2.20
2008.12.03 15:14:22.977,1.3658,1.36605,4.60,2.20
2008.12.03 15:14:23.716,1.36585,1.3661,2.20,2.20
2008.12.03 15:14:24.027,1.3659,1.3661,1.00,2.20
2008.12.03 15:14:24.486,1.3659,1.3661,3.00,2.20
2008.12.03 15:14:24.946,1.36585,1.3661,1.40,2.20
2008.12.03 15:14:25.286,1.36585,1.36625,2.00,2.20
2008.12.03 15:14:25.586,1.36585,1.36605,2.00,2.20
2008.12.03 15:14:25.926,1.36595,1.36615,1.40,2.20
2008.12.03 15:14:26.945,1.36605,1.3662,3.00,2.20
2008.12.03 15:14:27.326,1.3662,1.36685,3.00,3.20
2008.12.03 15:14:27.615,1.3662,1.367,3.00,4.80
2008.12.03 15:14:28.135,1.3662,1.367,3.60,1.60
2008.12.03 15:14:28.705,1.36625,1.36675,1.60,1.60
2008.12.03 15:14:28.935,1.3664,1.36675,1.40,1.60
2008.12.03 15:14:29.385,1.3663,1.3666,2.00,1.60
2008.12.03 15:14:29.855,1.3663,1.3666,1.40,1.60
2008.12.03 15:14:31.135,1.36645,1.36675,1.40,1.60
2008.12.03 15:14:31.475,1.36645,1.3667,1.40,1.60
2008.12.03 15:14:31.814,1.36655,1.3668,1.40,1.60
2008.12.03 15:14:33.234,1.36645,1.36675,1.40,1.60
2008.12.03 15:14:34.004,1.36645,1.36675,2.00,1.60
2008.12.03 15:14:34.634,1.36645,1.36675,1.40,1.60
2008.12.03 15:14:36.703,1.3666,1.36685,1.40,1.60
2008.12.03 15:14:37.493,1.36665,1.36695,1.40,1.60
2008.12.03 15:14:38.243,1.3667,1.3672,1.40,1.60
2008.12.03 15:14:38.693,1.36665,1.36705,1.00,1.60
2008.12.03 15:14:38.973,1.3666,1.36705,1.00,1.60
2008.12.03 15:14:39.253,1.3666,1.36675,1.00,2.00
2008.12.03 15:14:39.423,1.3665,1.36675,3.00,2.00
2008.12.03 15:14:39.662,1.3665,1.3668,3.00,2.00
2008.12.03 15:14:40.072,1.3665,1.3668,3.60,2.00
2008.12.03 15:14:40.702,1.3665,1.36665,3.60,2.20
2008.12.03 15:14:41.072,1.36665,1.3668,1.40,2.20
2008.12.03 15:14:41.472,1.36675,1.3668,1.40,2.20
2008.12.03 15:14:41.732,1.36675,1.3675,3.00,4.80
2008.12.03 15:14:42.182,1.3669,1.3676,1.40,4.80
2008.12.03 15:14:42.862,1.36685,1.367,1.60,2.20
2008.12.03 15:14:43.262,1.367,1.36705,1.00,2.20
2008.12.03 15:14:43.562,1.36705,1.3672,1.60,2.20
2008.12.03 15:14:44.231,1.3671,1.36765,2.20,3.80
2008.12.03 15:14:44.732,1.36705,1.3678,1.60,1.60
2008.12.03 15:14:45.011,1.3672,1.3678,1.20,1.60
2008.12.03 15:14:45.591,1.3672,1.3678,1.60,1.60
2008.12.03 15:14:46.071,1.36735,1.368,1.60,1.60
2008.12.03 15:14:46.481,1.3675,1.36805,1.40,4.80
2008.12.03 15:14:46.951,1.3675,1.36805,1.40,1.60
2008.12.03 15:14:47.391,1.36765,1.368,1.40,1.60
2008.12.03 15:14:47.731,1.36755,1.3679,1.40,1.60
2008.12.03 15:14:48.410,1.3676,1.36815,1.40,1.60
2008.12.03 15:14:49.250,1.36755,1.368,1.60,1.60
2008.12.03 15:14:49.780,1.3675,1.368,1.40,1.60
2008.12.03 15:14:50.000,1.36745,1.36795,1.40,1.60
2008.12.03 15:14:50.530,1.36735,1.36785,3.80,1.60
2008.12.03 15:14:51.070,1.36735,1.3678,1.00,3.00
2008.12.03 15:14:51.410,1.3671,1.3673,2.00,2.20
2008.12.03 15:14:51.690,1.367,1.36735,1.40,2.20
2008.12.03 15:14:52.109,1.36695,1.3672,3.00,2.20
2008.12.03 15:14:52.459,1.3669,1.3672,1.40,2.20
2008.12.03 15:14:53.200,1.367,1.3672,1.60,2.20
2008.12.03 15:14:53.529,1.36715,1.3672,1.40,2.20
2008.12.03 15:14:53.919,1.3673,1.36735,3.00,2.20
2008.12.03 15:14:54.309,1.36735,1.3678,1.20,3.00
2008.12.03 15:14:54.829,1.36745,1.3676,3.00,2.20
2008.12.03 15:14:55.459,1.3675,1.3677,3.00,2.20
2008.12.03 15:14:55.859,1.36745,1.3677,1.00,2.20
2008.12.03 15:14:56.148,1.36735,1.3677,2.00,2.20
2008.12.03 15:14:56.538,1.36735,1.3677,1.40,2.20
2008.12.03 15:14:57.188,1.3674,1.3677,1.40,2.20
2008.12.03 15:14:57.478,1.36725,1.3677,1.40,2.20
2008.12.03 15:14:57.808,1.3674,1.3677,1.40,2.20
2008.12.03 15:14:58.268,1.3675,1.3677,1.40,2.20
2008.12.03 15:14:58.658,1.3675,1.36805,1.40,2.20
2008.12.03 15:14:59.118,1.36755,1.36805,3.00,2.20
2008.12.03 15:14:59.558,1.3675,1.36805,1.40,2.20
2008.12.03 15:15:00.268,1.36755,1.36795,1.40,2.20
2008.12.03 15:15:00.677,1.36765,1.36795,1.40,2.20
2008.12.03 15:15:01.147,1.36775,1.36795,1.40,2.20
2008.12.03 15:15:01.547,1.36775,1.36795,3.00,2.20
2008.12.03 15:15:02.007,1.36775,1.36795,2.00,2.20
2008.12.03 15:15:02.467,1.36775,1.368,1.40,2.20
2008.12.03 15:15:03.207,1.3677,1.3681,1.40,2.20
2008.12.03 15:15:03.667,1.36755,1.3678,2.00,2.20
2008.12.03 15:15:04.037,1.3676,1.3678,1.20,2.20
2008.12.03 15:15:04.427,1.36765,1.3678,1.00,2.20
2008.12.03 15:15:05.286,1.3675,1.36765,2.80,2.20
2008.12.03 15:15:05.707,1.36785,1.3684,1.60,3.00
2008.12.03 15:15:06.276,1.3679,1.3687,1.40,1.60
2008.12.03 15:15:07.126,1.36805,1.36815,1.40,2.20
2008.12.03 15:15:08.156,1.368,1.36805,2.80,2.20
2008.12.03 15:15:08.856,1.368,1.36805,1.00,2.20
2008.12.03 15:15:09.285,1.3679,1.36805,1.40,2.20
2008.12.03 15:15:09.875,1.36805,1.36835,1.00,3.00
2008.12.03 15:15:10.615,1.36805,1.3685,2.00,3.00
2008.12.03 15:15:10.955,1.36825,1.36865,1.00,1.60
2008.12.03 15:15:11.365,1.36825,1.3687,1.00,1.60
2008.12.03 15:15:11.775,1.36815,1.3687,2.00,1.60
2008.12.03 15:15:12.005,1.3682,1.3687,2.00,1.60
2008.12.03 15:15:12.465,1.36825,1.3687,1.60,1.60
2008.12.03 15:15:12.925,1.3683,1.3686,1.40,1.60
2008.12.03 15:15:13.165,1.3683,1.3687,1.40,1.60
2008.12.03 15:15:14.565,1.36815,1.36855,3.60,1.60
2008.12.03 15:15:14.954,1.3682,1.3687,2.00,1.60
2008.12.03 15:15:15.134,1.36815,1.36855,2.00,1.60
2008.12.03 15:15:15.544,1.36815,1.36845,2.00,1.60
2008.12.03 15:15:15.884,1.3681,1.36815,1.90,2.20
2008.12.03 15:15:16.174,1.368,1.36815,2.00,2.20
2008.12.03 15:15:16.454,1.368,1.36855,2.00,1.60
2008.12.03 15:15:16.923,1.36815,1.36855,1.60,1.60
2008.12.03 15:15:17.413,1.36825,1.3688,1.40,4.60
2008.12.03 15:15:17.813,1.3684,1.36865,1.40,4.80
2008.12.03 15:15:18.274,1.3684,1.36865,3.00,1.60
2008.12.03 15:15:18.603,1.36845,1.36875,1.40,1.60
2008.12.03 15:15:19.063,1.3684,1.3685,3.00,2.20
2008.12.03 15:15:19.663,1.3686,1.36895,1.60,1.60
2008.12.03 15:15:20.063,1.36865,1.3692,1.40,4.80
2008.12.03 15:15:20.343,1.3686,1.36925,1.40,1.60
2008.12.03 15:15:20.782,1.36865,1.36925,1.60,1.60
2008.12.03 15:15:21.353,1.36875,1.3691,2.40,1.60
2008.12.03 15:15:21.812,1.36885,1.3691,1.40,1.60
2008.12.03 15:15:22.202,1.3688,1.36885,1.00,1.60
2008.12.03 15:15:22.502,1.36855,1.3692,1.60,3.20
2008.12.03 15:15:22.613,1.3685,1.3692,2.80,1.60
2008.12.03 15:15:23.282,1.3686,1.36915,1.60,1.60
2008.12.03 15:15:23.802,1.36865,1.36905,1.00,1.60
2008.12.03 15:15:24.223,1.36855,1.3691,1.60,1.60
2008.12.03 15:15:24.572,1.36855,1.369,2.40,3.20
2008.12.03 15:15:24.962,1.3687,1.369,1.40,1.60
2008.12.03 15:15:25.842,1.3687,1.369,2.00,1.60
2008.12.03 15:15:26.391,1.3687,1.36895,1.00,1.60
2008.12.03 15:15:26.681,1.3686,1.36895,1.60,1.60
2008.12.03 15:15:28.940,1.3686,1.36875,1.60,2.20
2008.12.03 15:15:29.501,1.36855,1.36875,2.00,2.20
2008.12.03 15:15:30.180,1.3687,1.36895,1.60,3.00
2008.12.03 15:15:30.290,1.3686,1.36865,1.00,2.20
2008.12.03 15:15:30.460,1.36855,1.36865,1.00,2.20
2008.12.03 15:15:30.920,1.3686,1.36865,1.00,2.20
2008.12.03 15:15:31.390,1.36855,1.36865,1.60,2.20
2008.12.03 15:15:31.860,1.36855,1.3688,1.00,3.00
2008.12.03 15:15:32.260,1.36845,1.36855,3.00,2.20
2008.12.03 15:15:32.750,1.36845,1.3685,3.00,2.20
2008.12.03 15:15:32.990,1.36845,1.36855,3.00,2.20
2008.12.03 15:15:33.719,1.36845,1.3687,3.00,2.20
2008.12.03 15:15:34.009,1.36855,1.3687,1.00,2.20
2008.12.03 15:15:34.559,1.36855,1.36875,1.00,2.20
2008.12.03 15:15:34.909,1.36845,1.36875,3.00,2.20
2008.12.03 15:15:35.369,1.36855,1.36875,1.00,2.20
2008.12.03 15:15:35.889,1.36845,1.3687,1.60,1.60
2008.12.03 15:15:36.109,1.36855,1.36875,3.00,2.20
2008.12.03 15:15:36.379,1.36855,1.3688,3.00,1.60
2008.12.03 15:15:38.588,1.3686,1.3688,2.00,1.60
2008.12.03 15:15:38.878,1.36865,1.3688,1.00,1.60
2008.12.03 15:15:40.308,1.36855,1.3688,1.40,1.60
2008.12.03 15:15:40.718,1.3683,1.36865,1.40,1.60
2008.12.03 15:15:41.508,1.36845,1.3687,1.00,1.60
2008.12.03 15:15:42.087,1.3684,1.36865,1.40,1.60
2008.12.03 15:15:43.517,1.36845,1.36865,4.00,1.60
2008.12.03 15:15:43.927,1.3686,1.36875,1.00,1.60
2008.12.03 15:15:44.148,1.36845,1.3686,4.00,1.60
2008.12.03 15:15:44.597,1.36845,1.3685,4.00,1.60
2008.12.03 15:15:45.197,1.36855,1.36875,4.00,4.00
2008.12.03 15:15:45.487,1.368,1.36835,7.00,1.60
2008.12.03 15:15:46.356,1.36805,1.3684,7.50,1.60
2008.12.03 15:15:46.746,1.36795,1.36825,7.00,1.60
2008.12.03 15:15:47.026,1.36795,1.3683,7.00,1.60
2008.12.03 15:15:47.436,1.36785,1.36825,6.80,1.60
2008.12.03 15:15:47.716,1.3685,1.3688,4.00,8.00
2008.12.03 15:15:48.946,1.3684,1.3686,4.00,1.60
2008.12.03 15:15:49.346,1.3683,1.36835,4.00,1.60
2008.12.03 15:15:49.586,1.36835,1.3684,4.00,2.40
2008.12.03 15:15:50.196,1.3682,1.36835,4.00,1.60
2008.12.03 15:15:50.406,1.3683,1.3684,1.40,3.20
2008.12.03 15:15:50.975,1.3682,1.36865,4.00,3.20
2008.12.03 15:15:51.145,1.3682,1.36845,4.00,1.60
2008.12.03 15:15:52.405,1.3682,1.3683,4.00,1.60
2008.12.03 15:15:52.695,1.3682,1.36825,4.00,1.60
2008.12.03 15:15:52.985,1.36815,1.3682,6.00,1.60
2008.12.03 15:15:53.495,1.3683,1.36845,4.00,4.00
2008.12.03 15:15:54.155,1.36785,1.36815,6.30,1.60
2008.12.03 15:15:54.974,1.3678,1.3681,6.30,1.60
2008.12.03 15:15:55.314,1.36785,1.36815,6.70,1.60
2008.12.03 15:15:55.675,1.36795,1.3682,6.70,1.60
2008.12.03 15:15:56.124,1.36825,1.3683,6.00,1.60
2008.12.03 15:15:56.474,1.3679,1.3682,6.30,1.60
2008.12.03 15:15:56.764,1.3683,1.36835,4.00,1.60
2008.12.03 15:15:57.414,1.3679,1.36825,6.70,1.60
2008.12.03 15:15:57.694,1.36785,1.3682,7.80,1.60
2008.12.03 15:15:59.813,1.3678,1.36815,7.50,1.60
2008.12.03 15:16:00.083,1.36825,1.36845,4.00,4.80
2008.12.03 15:16:00.313,1.3679,1.36815,4.00,1.60
2008.12.03 15:16:00.873,1.368,1.36815,4.00,1.60
2008.12.03 15:16:01.353,1.3681,1.3682,4.00,1.60
2008.12.03 15:16:02.442,1.36805,1.3682,1.00,1.60
2008.12.03 15:16:02.663,1.36805,1.36855,1.60,1.60
2008.12.03 15:16:03.362,1.36795,1.36845,3.00,1.60
2008.12.03 15:16:03.652,1.368,1.36845,1.60,1.60
2008.12.03 15:16:04.242,1.368,1.36835,2.40,1.60
2008.12.03 15:16:04.642,1.36815,1.3685,1.00,3.80
2008.12.03 15:16:04.882,1.36795,1.3685,1.60,3.80
2008.12.03 15:16:05.402,1.36795,1.36835,1.60,2.20
2008.12.03 15:16:05.812,1.3682,1.36835,1.00,2.20
2008.12.03 15:16:06.172,1.3679,1.36835,1.60,2.20
2008.12.03 15:16:06.701,1.368,1.36835,1.60,2.20
2008.12.03 15:16:07.002,1.36785,1.3685,1.60,1.60
2008.12.03 15:16:07.342,1.36795,1.3684,1.60,2.20
2008.12.03 15:16:07.941,1.3679,1.3684,1.60,2.20
2008.12.03 15:16:08.231,1.36795,1.3684,1.60,2.20
2008.12.03 15:16:09.031,1.36795,1.36845,1.00,2.20
2008.12.03 15:16:09.381,1.36785,1.36845,1.00,1.60
2008.12.03 15:16:10.001,1.36775,1.3683,4.40,1.60
2008.12.03 15:16:10.451,1.36775,1.36845,4.00,1.60
2008.12.03 15:16:10.850,1.36795,1.36845,1.00,1.60
2008.12.03 15:16:11.491,1.36795,1.36845,1.00,5.40
2008.12.03 15:16:12.130,1.36805,1.3684,1.00,2.20
2008.12.03 15:16:12.820,1.36805,1.36835,1.00,2.20
2008.12.03 15:16:13.860,1.368,1.3684,1.00,3.20
2008.12.03 15:16:14.219,1.36815,1.36865,1.00,2.20
2008.12.03 15:16:14.439,1.36815,1.36855,1.00,3.20
2008.12.03 15:16:14.959,1.36775,1.36855,1.00,2.20
2008.12.03 15:16:15.289,1.36765,1.3685,7.60,2.20
2008.12.03 15:16:15.799,1.36785,1.3684,1.60,1.60
2008.12.03 15:16:16.089,1.3681,1.3684,1.00,1.60
2008.12.03 15:16:16.539,1.36825,1.36875,1.60,5.40
2008.12.03 15:16:16.929,1.3681,1.3688,2.00,1.60
2008.12.03 15:16:17.159,1.3681,1.3688,1.60,1.60
2008.12.03 15:16:17.539,1.36825,1.3687,1.00,1.60
2008.12.03 15:16:18.069,1.3682,1.3687,2.00,3.20
2008.12.03 15:16:18.359,1.3682,1.3688,2.00,1.60
2008.12.03 15:16:18.810,1.3683,1.3688,1.00,1.60
2008.12.03 15:16:18.979,1.3683,1.3687,1.00,1.60
2008.12.03 15:16:19.608,1.36835,1.3687,1.00,1.60
2008.12.03 15:16:20.558,1.36845,1.3687,1.00,1.60
2008.12.03 15:16:21.118,1.3684,1.3688,1.60,1.60
2008.12.03 15:16:21.468,1.3685,1.36875,1.40,1.60
2008.12.03 15:16:21.738,1.36855,1.3688,1.40,1.60
2008.12.03 15:16:22.078,1.36855,1.36895,1.40,1.60
2008.12.03 15:16:22.418,1.36855,1.3688,1.40,1.60
2008.12.03 15:16:22.818,1.3685,1.3689,1.40,1.60
2008.12.03 15:16:23.457,1.3685,1.3688,2.00,1.60
2008.12.03 15:16:24.048,1.36845,1.3687,1.40,1.60
2008.12.03 15:16:24.497,1.36835,1.36875,2.00,1.60
2008.12.03 15:16:28.096,1.36845,1.36875,1.00,1.60
2008.12.03 15:16:28.566,1.36835,1.36875,1.40,1.60
2008.12.03 15:16:29.366,1.36845,1.36875,1.00,1.60
2008.12.03 15:16:29.536,1.36845,1.3687,1.00,1.60
2008.12.03 15:16:30.606,1.36855,1.3687,1.00,1.60
2008.12.03 15:16:31.066,1.3685,1.3687,1.00,1.60
2008.12.03 15:16:31.765,1.3679,1.3687,3.00,1.60
2008.12.03 15:16:32.005,1.36805,1.3687,1.40,1.60
2008.12.03 15:16:32.685,1.36835,1.36875,3.00,5.40
2008.12.03 15:16:33.425,1.36845,1.36885,2.00,1.60
2008.12.03 15:16:33.765,1.36845,1.36885,1.40,1.60
2008.12.03 15:16:34.225,1.36835,1.36885,5.20,1.60
2008.12.03 15:16:34.455,1.3684,1.36885,4.00,1.60
2008.12.03 15:16:34.745,1.36835,1.36885,4.00,1.60
2008.12.03 15:16:35.245,1.36835,1.36885,4.00,4.80
2008.12.03 15:16:35.535,1.36835,1.3688,4.00,3.20
2008.12.03 15:16:35.924,1.36835,1.3687,4.00,1.60
2008.12.03 15:16:36.214,1.3683,1.3687,4.00,1.60
2008.12.03 15:16:36.624,1.3683,1.3686,4.00,1.60
2008.12.03 15:16:37.074,1.3682,1.3686,4.00,1.60
2008.12.03 15:16:37.764,1.36825,1.3687,4.00,1.60
2008.12.03 15:16:38.104,1.36825,1.3686,4.00,1.60
2008.12.03 15:16:38.504,1.36815,1.36855,4.00,1.60
2008.12.03 15:16:39.954,1.3683,1.36855,4.00,1.60
2008.12.03 15:16:41.473,1.3683,1.36855,4.00,1.60
2008.12.03 15:16:41.704,1.36815,1.36865,5.40,1.60
2008.12.03 15:16:41.933,1.36815,1.36855,5.40,1.60
2008.12.03 15:16:42.163,1.3682,1.36855,4.00,1.60
2008.12.03 15:16:42.683,1.3682,1.36855,4.40,1.60
2008.12.03 15:16:42.983,1.3683,1.36855,4.00,1.60
2008.12.03 15:16:43.893,1.3682,1.36855,2.00,1.60
2008.12.03 15:16:46.082,1.36815,1.3685,2.00,1.60
2008.12.03 15:16:46.592,1.3683,1.36855,1.60,1.60
2008.12.03 15:16:47.002,1.36815,1.36865,2.00,1.60
2008.12.03 15:16:47.362,1.3682,1.36865,3.00,1.60
2008.12.03 15:16:47.712,1.36825,1.3689,1.40,7.00
2008.12.03 15:16:48.121,1.36825,1.36885,1.00,1.60
2008.12.03 15:16:48.511,1.3683,1.36885,1.00,1.60
2008.12.03 15:16:48.841,1.36825,1.3688,4.40,1.60
2008.12.03 15:16:49.541,1.36825,1.36885,1.40,1.60
2008.12.03 15:16:50.771,1.3682,1.36875,3.00,1.60
2008.12.03 15:16:52.001,1.3682,1.36875,3.60,1.60
2008.12.03 15:16:52.380,1.3682,1.36875,3.00,1.60
2008.12.03 15:16:52.711,1.36835,1.3689,3.00,1.60
2008.12.03 15:16:53.130,1.36835,1.3689,1.40,1.60
2008.12.03 15:16:53.580,1.36825,1.3688,1.40,2.20
2008.12.03 15:16:54.140,1.3683,1.36885,3.00,1.60
2008.12.03 15:16:54.570,1.36825,1.36885,1.40,1.60
2008.12.03 15:16:55.260,1.3682,1.3688,1.60,1.60
2008.12.03 15:16:55.550,1.36835,1.3688,3.00,3.20
2008.12.03 15:16:56.000,1.36835,1.3689,3.00,1.60
2008.12.03 15:16:57.319,1.36825,1.36875,4.40,1.60
2008.12.03 15:16:57.709,1.36825,1.36875,3.00,1.60
2008.12.03 15:16:58.129,1.3682,1.36865,1.00,1.60
2008.12.03 15:16:58.469,1.36835,1.3687,1.40,1.60
2008.12.03 15:16:58.909,1.36845,1.3688,1.40,1.60
2008.12.03 15:17:00.788,1.36835,1.3687,1.40,1.60
2008.12.03 15:17:01.068,1.36835,1.3687,2.00,1.60
2008.12.03 15:17:01.988,1.36835,1.3687,1.40,1.60
2008.12.03 15:17:04.918,1.3682,1.3687,2.00,1.60
2008.12.03 15:17:05.037,1.3682,1.3687,2.00,3.20
2008.12.03 15:17:05.277,1.36815,1.36845,3.00,1.60
2008.12.03 15:17:05.437,1.368,1.36845,2.00,1.60
2008.12.03 15:17:05.677,1.368,1.36845,1.40,1.60
2008.12.03 15:17:06.177,1.36775,1.36835,1.40,1.60
2008.12.03 15:17:10.436,1.36775,1.3681,3.00,1.60
2008.12.03 15:17:10.896,1.3679,1.3681,1.00,1.60
2008.12.03 15:17:11.296,1.36805,1.36835,1.40,3.20
2008.12.03 15:17:11.686,1.36805,1.36845,1.40,1.60
2008.12.03 15:17:12.006,1.36795,1.36845,3.00,1.60
2008.12.03 15:17:12.526,1.36795,1.3684,1.40,1.60
2008.12.03 15:17:12.875,1.36805,1.3684,1.60,1.60
2008.12.03 15:17:13.165,1.3679,1.3684,2.80,1.60
2008.12.03 15:17:13.565,1.36785,1.36835,1.60,1.60
2008.12.03 15:17:14.015,1.36775,1.36835,1.60,1.60
2008.12.03 15:17:14.595,1.36775,1.3683,1.60,1.60
2008.12.03 15:17:14.945,1.3677,1.3682,3.00,1.60
2008.12.03 15:17:15.345,1.3677,1.3682,2.80,1.60
2008.12.03 15:17:15.805,1.3677,1.3682,1.40,1.60
2008.12.03 15:17:16.035,1.3677,1.3681,1.40,1.60
2008.12.03 15:17:17.545,1.36765,1.368,1.40,1.60
2008.12.03 15:17:18.304,1.36775,1.368,1.60,1.60
2008.12.03 15:17:18.894,1.3678,1.36815,1.40,1.60
2008.12.03 15:17:19.005,1.3678,1.3681,1.40,1.60
2008.12.03 15:17:19.904,1.3678,1.3681,3.00,1.60
2008.12.03 15:17:20.413,1.36785,1.36825,1.40,1.60
2008.12.03 15:17:20.834,1.3678,1.36815,2.80,1.60
2008.12.03 15:17:21.004,1.3678,1.36815,2.00,1.60
2008.12.03 15:17:21.513,1.3678,1.36815,1.40,1.60
2008.12.03 15:17:22.863,1.3678,1.3681,1.40,1.60
2008.12.03 15:17:24.373,1.36775,1.36805,1.40,1.60
2008.12.03 15:17:25.282,1.3677,1.36795,1.40,1.60
2008.12.03 15:17:26.962,1.36775,1.3681,1.40,1.60
2008.12.03 15:17:27.362,1.36775,1.368,1.40,1.60
2008.12.03 15:17:28.292,1.36765,1.36795,1.40,1.60
2008.12.03 15:17:28.852,1.36755,1.36785,2.00,1.60
2008.12.03 15:17:29.242,1.36755,1.3678,1.40,1.60
2008.12.03 15:17:29.951,1.36745,1.36775,1.40,1.60
2008.12.03 15:17:30.181,1.367,1.36765,1.00,1.60
2008.12.03 15:17:30.641,1.367,1.3676,1.00,2.20
2008.12.03 15:17:31.101,1.36685,1.36745,2.00,1.60
2008.12.03 15:17:31.441,1.36695,1.36745,1.40,1.60
2008.12.03 15:17:31.841,1.3669,1.36735,4.60,1.60
2008.12.03 15:17:32.141,1.36705,1.3676,1.40,5.40
2008.12.03 15:17:32.551,1.3672,1.3676,1.40,4.80
2008.12.03 15:17:32.791,1.36705,1.3676,1.40,1.60
2008.12.03 15:17:33.370,1.36715,1.36755,2.00,1.60
2008.12.03 15:17:34.260,1.3673,1.36755,1.40,1.60
2008.12.03 15:17:35.070,1.3673,1.3677,1.40,3.20
2008.12.03 15:17:35.390,1.3673,1.3677,2.00,1.60
2008.12.03 15:17:35.730,1.3673,1.3677,1.40,1.60
2008.12.03 15:17:35.900,1.36745,1.3677,1.00,1.60
2008.12.03 15:17:36.430,1.36735,1.3677,1.00,1.60
2008.12.03 15:17:37.519,1.3673,1.3677,2.00,1.60
2008.12.03 15:17:40.449,1.3674,1.3677,1.00,1.60
2008.12.03 15:17:42.049,1.3673,1.3677,2.00,1.60
2008.12.03 15:17:42.168,1.3674,1.3677,1.00,1.60
2008.12.03 15:17:42.578,1.3674,1.36765,1.00,1.60
2008.12.03 15:17:43.089,1.3673,1.3677,1.40,1.60
2008.12.03 15:17:44.518,1.3673,1.36765,1.40,1.60
2008.12.03 15:17:45.398,1.3672,1.36755,1.40,1.60
2008.12.03 15:17:45.628,1.3672,1.36755,2.00,1.60
2008.12.03 15:17:46.148,1.3672,1.36745,2.00,1.60
2008.12.03 15:17:47.057,1.36715,1.3674,1.40,1.60
2008.12.03 15:17:48.437,1.367,1.36725,1.40,1.60
2008.12.03 15:17:48.837,1.36705,1.3673,1.40,1.60
2008.12.03 15:17:49.537,1.367,1.36765,1.40,7.00
2008.12.03 15:17:49.936,1.36695,1.3676,1.40,1.60
2008.12.03 15:17:50.346,1.36695,1.3673,1.40,1.60
2008.12.03 15:17:50.696,1.36705,1.3674,1.40,1.60
2008.12.03 15:17:51.046,1.367,1.36735,1.40,1.60
2008.12.03 15:17:51.506,1.36705,1.3674,1.00,1.60
2008.12.03 15:17:51.856,1.36705,1.3673,1.00,1.60
2008.12.03 15:17:52.276,1.3671,1.3674,1.40,1.60
2008.12.03 15:17:53.036,1.3671,1.3674,2.00,1.60
2008.12.03 15:17:53.556,1.3671,1.36725,1.00,1.60
2008.12.03 15:17:54.595,1.36705,1.3672,1.00,1.60
2008.12.03 15:17:54.935,1.3671,1.36725,1.00,1.60
2008.12.03 15:17:55.045,1.3672,1.3674,2.00,2.20
2008.12.03 15:17:55.365,1.3672,1.3675,2.00,1.60
2008.12.03 15:17:55.825,1.36715,1.3674,1.40,1.60
2008.12.03 15:17:56.165,1.36715,1.3673,1.00,1.60
2008.12.03 15:17:56.505,1.367,1.3674,1.00,2.20
2008.12.03 15:17:56.895,1.36675,1.36725,2.00,1.60
2008.12.03 15:17:57.355,1.3669,1.3673,1.40,3.80
2008.12.03 15:17:58.104,1.3668,1.3671,2.00,1.60
2008.12.03 15:17:58.385,1.36695,1.36725,1.40,1.60
2008.12.03 15:17:59.324,1.367,1.3673,1.40,1.60
2008.12.03 15:17:59.944,1.36685,1.36725,2.00,1.60
2008.12.03 15:18:00.244,1.367,1.36735,1.40,1.60
2008.12.03 15:18:00.354,1.36715,1.36745,1.40,2.20
2008.12.03 15:18:00.634,1.36715,1.3675,1.40,1.60
2008.12.03 15:18:01.124,1.3672,1.36755,1.40,1.60
2008.12.03 15:18:01.524,1.36735,1.3677,1.40,1.60
2008.12.03 15:18:02.094,1.36725,1.3676,1.40,2.20
2008.12.03 15:18:02.434,1.367,1.3676,3.60,2.20
2008.12.03 15:18:02.664,1.3671,1.36765,1.00,2.20
2008.12.03 15:18:03.123,1.367,1.3676,2.00,3.80
2008.12.03 15:18:03.463,1.36705,1.3676,1.40,3.80
2008.12.03 15:18:04.033,1.36705,1.3676,3.00,3.80
2008.12.03 15:18:04.553,1.3672,1.36755,1.40,1.60
2008.12.03 15:18:05.333,1.3672,1.3676,1.40,1.60
2008.12.03 15:18:05.603,1.3672,1.36755,1.40,1.60
2008.12.03 15:18:06.102,1.36705,1.3675,2.00,1.60
2008.12.03 15:18:06.573,1.36705,1.3676,2.00,1.60
2008.12.03 15:18:07.362,1.36705,1.3675,1.40,1.60
2008.12.03 15:18:07.872,1.36705,1.3675,1.00,1.60
2008.12.03 15:18:08.222,1.3669,1.3675,2.00,1.60
2008.12.03 15:18:08.502,1.3669,1.3675,1.40,1.60
2008.12.03 15:18:08.932,1.36705,1.3675,1.00,1.60
2008.12.03 15:18:09.342,1.36695,1.36745,2.00,1.60
2008.12.03 15:18:09.752,1.3671,1.36755,1.40,1.60
2008.12.03 15:18:10.272,1.36695,1.3675,1.40,1.60
2008.12.03 15:18:10.532,1.3671,1.36755,1.40,1.60
2008.12.03 15:18:11.381,1.3673,1.3676,1.60,1.60
2008.12.03 15:18:11.681,1.36745,1.36775,1.40,1.60
2008.12.03 15:18:12.081,1.3671,1.3676,4.60,1.60
2008.12.03 15:18:12.511,1.36695,1.3676,2.80,1.60
2008.12.03 15:18:12.851,1.3669,1.3676,3.00,1.60
2008.12.03 15:18:13.141,1.36695,1.3675,3.60,1.60
2008.12.03 15:18:13.421,1.36695,1.3675,3.00,1.60
2008.12.03 15:18:13.781,1.3671,1.3675,1.40,1.60
2008.12.03 15:18:14.391,1.36695,1.3675,7.60,1.60
2008.12.03 15:18:14.750,1.367,1.3675,1.60,1.60
2008.12.03 15:18:17.430,1.36705,1.3675,1.60,1.60
2008.12.03 15:18:17.720,1.36705,1.3676,1.60,3.80
2008.12.03 15:18:17.900,1.36705,1.3676,1.60,1.60
2008.12.03 15:18:23.808,1.3671,1.3676,1.40,1.60
2008.12.03 15:18:24.098,1.3671,1.3676,3.00,1.60
2008.12.03 15:18:25.138,1.3672,1.3676,1.60,1.60
2008.12.03 15:18:25.308,1.36725,1.3677,3.00,1.60
2008.12.03 15:18:26.068,1.36725,1.3677,2.00,1.60
2008.12.03 15:18:26.408,1.36725,1.36775,2.20,1.60
2008.12.03 15:18:26.808,1.36735,1.3678,2.20,24.00
2008.12.03 15:18:27.128,1.36745,1.3678,1.60,24.00
2008.12.03 15:18:27.467,1.36735,1.3678,1.60,24.00
2008.12.03 15:18:27.807,1.3673,1.3678,2.00,24.00
2008.12.03 15:18:28.097,1.3673,1.3678,2.00,27.20
2008.12.03 15:18:28.457,1.3673,1.3678,1.60,25.60
2008.12.03 15:18:28.987,1.3673,1.3678,1.60,24.00
2008.12.03 15:18:29.157,1.36725,1.3678,1.60,25.60
2008.12.03 15:18:29.647,1.36725,1.3678,3.80,27.20
2008.12.03 15:18:29.887,1.36725,1.3678,2.00,27.20
2008.12.03 15:18:30.347,1.36735,1.3677,1.40,1.60
2008.12.03 15:18:30.917,1.36725,1.3677,1.60,1.60
2008.12.03 15:18:31.137,1.3672,1.3677,3.00,1.60
2008.12.03 15:18:31.726,1.3672,1.3676,1.40,1.60
2008.12.03 15:18:32.896,1.36715,1.3675,1.40,1.60
2008.12.03 15:18:34.456,1.36725,1.3676,1.40,1.60
2008.12.03 15:18:35.136,1.3672,1.3675,1.60,1.60
2008.12.03 15:18:35.196,1.36715,1.3675,1.40,1.60
2008.12.03 15:18:38.865,1.36715,1.3675,2.00,1.60
2008.12.03 15:18:39.514,1.3672,1.3675,2.40,1.60
2008.12.03 15:18:39.815,1.3673,1.36765,2.00,1.60
2008.12.03 15:18:40.384,1.3674,1.36775,1.40,1.60
2008.12.03 15:18:40.734,1.3674,1.3678,2.20,24.00
2008.12.03 15:18:40.904,1.3674,1.3678,3.00,24.00
2008.12.03 15:18:41.484,1.36755,1.3678,1.00,24.00
2008.12.03 15:18:42.354,1.36755,1.3678,1.00,25.60
2008.12.03 15:18:42.774,1.3675,1.3678,1.00,25.60
2008.12.03 15:18:43.244,1.3674,1.3678,1.40,25.60
2008.12.03 15:18:44.675,1.36725,1.36765,2.00,1.60
2008.12.03 15:18:45.013,1.36725,1.36765,1.40,1.60
2008.12.03 15:18:45.183,1.36725,1.36765,3.00,1.60
2008.12.03 15:18:45.993,1.36725,1.3676,2.00,1.60
2008.12.03 15:18:46.393,1.36725,1.3676,1.40,1.60
2008.12.03 15:18:47.203,1.36715,1.3675,1.40,1.60
2008.12.03 15:18:47.672,1.36715,1.3675,2.00,1.60
2008.12.03 15:18:47.902,1.36725,1.3676,1.40,1.60
2008.12.03 15:18:48.652,1.36715,1.3675,1.40,1.60
2008.12.03 15:18:49.182,1.36725,1.3676,2.00,1.60
2008.12.03 15:18:49.472,1.36725,1.3676,1.40,1.60
2008.12.03 15:18:51.442,1.36715,1.3675,1.40,1.60
2008.12.03 15:18:51.902,1.36725,1.3676,1.40,1.60
2008.12.03 15:18:53.831,1.36735,1.36765,1.40,1.60
2008.12.03 15:18:54.111,1.3673,1.36755,1.40,1.60
2008.12.03 15:18:54.841,1.36715,1.3675,1.40,1.60
2008.12.03 15:18:54.951,1.36715,1.3675,2.00,1.60
2008.12.03 15:18:55.771,1.3671,1.36745,2.00,1.60
2008.12.03 15:18:56.290,1.3671,1.36745,1.40,1.60
2008.12.03 15:18:57.560,1.36715,1.3675,1.40,1.60
2008.12.03 15:18:57.780,1.367,1.36735,2.00,1.60
2008.12.03 15:18:58.010,1.367,1.36735,1.40,1.60
2008.12.03 15:19:00.250,1.36695,1.3673,1.40,1.60
2008.12.03 15:19:00.769,1.3669,1.3673,1.00,1.60
2008.12.03 15:19:00.980,1.36695,1.3673,1.00,1.60
2008.12.03 15:19:02.079,1.3668,1.3673,1.40,1.60
2008.12.03 15:19:02.369,1.3669,1.3673,1.00,1.60
2008.12.03 15:19:03.009,1.36695,1.3674,2.00,1.60
2008.12.03 15:19:04.139,1.36705,1.3674,1.00,1.60
2008.12.03 15:19:05.128,1.36695,1.3674,2.00,1.60
2008.12.03 15:19:05.708,1.36695,1.3674,3.00,1.60
2008.12.03 15:19:05.998,1.3671,1.3675,1.40,1.60
2008.12.03 15:19:06.099,1.36685,1.3674,6.00,1.60
2008.12.03 15:19:06.388,1.36685,1.3674,2.00,1.60
2008.12.03 15:19:06.658,1.36685,1.36755,2.00,1.60
2008.12.03 15:19:06.888,1.36685,1.36745,2.00,1.60
2008.12.03 15:19:07.538,1.36705,1.36755,1.40,1.60
2008.12.03 15:19:07.918,1.36705,1.36755,2.00,1.60
2008.12.03 15:19:08.607,1.36705,1.36745,2.00,1.60
2008.12.03 15:19:09.107,1.36705,1.36745,1.40,1.60
2008.12.03 15:19:09.377,1.3672,1.3676,1.40,1.60
2008.12.03 15:19:09.908,1.36705,1.36745,1.40,1.60
2008.12.03 15:19:10.307,1.367,1.36735,2.00,1.60
2008.12.03 15:19:10.537,1.367,1.36735,1.40,1.60
2008.12.03 15:19:10.817,1.3671,1.36745,1.40,1.60
2008.12.03 15:19:11.407,1.3671,1.36735,1.40,1.60
2008.12.03 15:19:12.796,1.36715,1.3678,2.00,2.20
2008.12.03 15:19:13.146,1.3673,1.3678,1.40,3.20
2008.12.03 15:19:13.496,1.3673,1.3679,2.00,24.00
2008.12.03 15:19:13.906,1.3673,1.3678,1.00,25.60
2008.12.03 15:19:14.266,1.3672,1.36765,1.00,1.60
2008.12.03 15:19:14.606,1.36715,1.36775,1.40,3.80
2008.12.03 15:19:15.006,1.36715,1.36775,1.40,7.00
2008.12.03 15:19:15.646,1.3673,1.36765,1.40,1.60
2008.12.03 15:19:16.456,1.3673,1.3677,1.40,1.60
2008.12.03 15:19:16.845,1.3673,1.3677,1.40,3.80
2008.12.03 15:19:17.305,1.3673,1.3677,1.40,3.20
2008.12.03 15:19:17.425,1.36725,1.36775,1.40,1.60
2008.12.03 15:19:17.775,1.3672,1.36765,1.40,1.60
2008.12.03 15:19:18.175,1.3672,1.36755,1.40,1.60
2008.12.03 15:19:18.465,1.3672,1.36765,1.40,1.60
2008.12.03 15:19:21.436,1.36725,1.36775,1.40,1.60
2008.12.03 15:19:22.054,1.36735,1.3678,1.40,27.20
2008.12.03 15:19:22.564,1.36745,1.3678,2.00,25.60
2008.12.03 15:19:22.854,1.36745,1.3678,1.40,25.60
2008.12.03 15:19:22.974,1.36735,1.3677,2.00,1.60
2008.12.03 15:19:23.374,1.36735,1.3677,1.40,1.60
2008.12.03 15:19:23.984,1.3673,1.36765,1.40,1.60
2008.12.03 15:19:25.334,1.3673,1.3678,1.40,25.60
2008.12.03 15:19:26.343,1.3673,1.3677,1.40,1.60
2008.12.03 15:19:26.683,1.36695,1.3675,2.00,1.60
2008.12.03 15:19:27.143,1.3669,1.36745,1.40,1.60
2008.12.03 15:19:27.423,1.3669,1.3675,1.40,1.60
2008.12.03 15:19:28.563,1.367,1.3674,2.20,1.60
2008.12.03 15:19:29.123,1.36715,1.36755,1.40,5.40
2008.12.03 15:19:29.522,1.3668,1.3676,1.60,2.20
2008.12.03 15:19:30.002,1.36695,1.3676,1.60,2.20
2008.12.03 15:19:30.412,1.3669,1.3676,3.00,3.20
2008.12.03 15:19:30.762,1.367,1.3677,3.00,3.80
2008.12.03 15:19:31.042,1.367,1.36765,3.00,5.40
2008.12.03 15:19:33.811,1.36715,1.3676,1.40,3.20
2008.12.03 15:19:34.311,1.36715,1.3677,1.40,1.60
2008.12.03 15:19:35.021,1.3673,1.3678,1.40,2.20
2008.12.03 15:19:35.361,1.3673,1.3679,2.80,2.20
2008.12.03 15:19:35.751,1.3673,1.36795,3.00,5.40
2008.12.03 15:19:36.111,1.3673,1.36795,1.40,5.40
2008.12.03 15:19:36.811,1.3673,1.36785,1.40,1.60
2008.12.03 15:19:37.331,1.3672,1.3678,2.00,1.60
2008.12.03 15:19:37.570,1.3672,1.3678,2.00,3.80
2008.12.03 15:19:37.790,1.3672,1.3678,1.40,3.80
2008.12.03 15:19:38.180,1.36715,1.3677,2.00,1.60
2008.12.03 15:19:38.400,1.36715,1.3677,1.40,1.60
2008.12.03 15:19:39.041,1.36715,1.36765,1.40,1.60
2008.12.03 15:19:40.520,1.36715,1.36765,1.40,3.80
2008.12.03 15:19:40.850,1.36705,1.36755,1.40,1.60
2008.12.03 15:19:41.150,1.367,1.3674,1.00,1.60
2008.12.03 15:19:41.430,1.36685,1.3674,3.00,1.60
2008.12.03 15:19:41.909,1.367,1.36755,1.40,1.60
2008.12.03 15:19:42.839,1.36695,1.36735,1.40,1.60
2008.12.03 15:19:43.359,1.36695,1.3675,1.60,4.80
2008.12.03 15:19:43.879,1.367,1.36755,3.00,4.80
2008.12.03 15:19:44.219,1.367,1.36755,3.00,1.60
2008.12.03 15:19:44.609,1.36705,1.36755,1.60,1.60
2008.12.03 15:19:45.019,1.367,1.36755,1.40,1.60
2008.12.03 15:19:45.409,1.36685,1.36745,6.00,1.60
2008.12.03 15:19:45.809,1.36685,1.3675,1.40,2.20
2008.12.03 15:19:46.728,1.36685,1.3674,1.40,1.60
2008.12.03 15:19:47.148,1.36685,1.36735,1.40,1.60
2008.12.03 15:19:49.068,1.3668,1.36725,1.40,1.60
2008.12.03 15:19:49.607,1.3668,1.36715,1.40,1.60
2008.12.03 15:19:51.457,1.3669,1.3672,1.40,1.60
2008.12.03 15:19:52.367,1.3668,1.36715,1.40,1.60
2008.12.03 15:19:54.476,1.36685,1.3673,1.40,2.20
2008.12.03 15:19:55.206,1.36685,1.36735,1.40,3.80
2008.12.03 15:19:55.426,1.36685,1.36735,1.40,2.20
2008.12.03 15:19:57.006,1.36685,1.36725,1.40,2.20
2008.12.03 15:19:57.466,1.3667,1.3671,1.00,3.80
2008.12.03 15:19:57.746,1.36655,1.3671,2.00,2.20
2008.12.03 15:19:58.496,1.36655,1.3671,1.40,2.20
2008.12.03 15:19:58.785,1.36655,1.36715,1.40,2.20
2008.12.03 15:19:59.245,1.36655,1.36715,2.00,2.20
2008.12.03 15:19:59.655,1.36655,1.36705,2.00,2.20
2008.12.03 15:20:00.055,1.36655,1.36705,1.40,2.20
2008.12.03 15:20:01.585,1.3665,1.36695,1.40,1.60
