2012.08.06 20:00:00.272,1.22031,1.22055,3.38,1.50
2012.08.06 20:00:00.399,1.22032,1.22055,1.88,1.50
2012.08.06 20:00:00.525,1.22042,1.22057,1.45,2.48
2012.08.06 20:00:00.591,1.22042,1.22057,1.45,2.48
2012.08.06 20:00:00.717,1.22046,1.22055,1.45,1.50
2012.08.06 20:00:00.844,1.22046,1.2206,1.45,1.50
2012.08.06 20:00:01.029,1.22046,1.22056,1.45,1.50
2012.08.06 20:00:01.095,1.22042,1.22056,1.88,1.50
2012.08.06 20:00:01.319,1.22042,1.22058,1.13,1.50
2012.08.06 20:00:01.746,1.22039,1.22062,2.63,1.73
2012.08.06 20:00:01.934,1.22039,1.22062,2.63,1.73
2012.08.06 20:00:02.059,1.22039,1.22062,1.88,1.73
2012.08.06 20:00:04.026,1.22036,1.22058,3.00,1.73
2012.08.06 20:00:06.304,1.22036,1.22058,1.13,1.73
2012.08.06 20:00:09.347,1.22036,1.22058,1.50,1.73
2012.08.06 20:00:10.243,1.22036,1.2206,2.25,1.73
2012.08.06 20:00:11.463,1.22036,1.22061,2.25,1.73
2012.08.06 20:00:13.129,1.22036,1.22057,2.25,2.25
2012.08.06 20:00:15.130,1.22036,1.22061,2.25,1.73
2012.08.06 20:00:20.138,1.22036,1.22061,2.25,1.73
2012.08.06 20:00:22.163,1.22036,1.22061,2.25,2.48
2012.08.06 20:00:24.004,1.22038,1.22061,1.50,1.35
2012.08.06 20:00:24.535,1.22038,1.2206,1.50,1.73
2012.08.06 20:00:27.224,1.22038,1.2206,1.50,1.50
2012.08.06 20:00:27.347,1.22043,1.22064,1.50,3.23
2012.08.06 20:00:30.607,1.22039,1.22062,1.50,1.73
2012.08.06 20:00:31.783,1.22041,1.22062,1.50,1.73
2012.08.06 20:00:32.369,1.22041,1.22062,1.50,1.73
2012.08.06 20:00:38.795,1.2204,1.22061,1.50,1.73
2012.08.06 20:00:38.978,1.22041,1.22062,1.50,1.50
2012.08.06 20:00:39.338,1.22044,1.22064,1.50,1.73
2012.08.06 20:00:43.396,1.22047,1.22065,1.13,1.73
2012.08.06 20:00:43.911,1.22056,1.22068,1.50,2.25
2012.08.06 20:00:44.043,1.22064,1.22081,1.50,1.50
2012.08.06 20:00:44.169,1.22064,1.22084,1.50,1.73
2012.08.06 20:00:44.708,1.22067,1.22085,1.50,1.73
2012.08.06 20:00:44.833,1.22067,1.22085,1.50,1.73
2012.08.06 20:00:47.341,1.22064,1.22085,1.50,2.48
2012.08.06 20:00:47.693,1.22064,1.22085,1.50,2.48
2012.08.06 20:00:54.465,1.22063,1.2208,1.50,1.50
2012.08.06 20:00:54.828,1.22068,1.22081,2.25,1.50
2012.08.06 20:00:55.141,1.22075,1.22085,1.50,1.50
2012.08.06 20:01:02.712,1.22077,1.22091,1.50,1.50
2012.08.06 20:01:02.777,1.22077,1.22091,1.50,1.50
2012.08.06 20:01:03.021,1.22077,1.22096,1.50,1.50
2012.08.06 20:01:03.957,1.22077,1.22096,2.25,1.50
2012.08.06 20:01:20.367,1.22079,1.22096,1.50,1.50
2012.08.06 20:01:22.968,1.22078,1.22093,1.50,1.50
2012.08.06 20:01:28.152,1.22081,1.22093,1.50,1.50
2012.08.06 20:01:28.275,1.22081,1.22097,1.50,1.50
2012.08.06 20:01:38.004,1.22079,1.22097,1.50,1.50
2012.08.06 20:01:38.901,1.22082,1.22097,1.50,1.50
2012.08.06 20:01:48.234,1.22082,1.22095,2.25,1.50
2012.08.06 20:01:49.865,1.22082,1.22093,1.50,1.50
2012.08.06 20:01:49.936,1.22082,1.22092,1.50,1.50
2012.08.06 20:01:57.786,1.22078,1.22092,1.50,1.50
2012.08.06 20:02:03.687,1.22077,1.22092,1.50,1.50
2012.08.06 20:02:09.591,1.22077,1.22087,1.50,1.50
2012.08.06 20:02:11.205,1.22072,1.22087,1.50,1.50
2012.08.06 20:02:20.377,1.22071,1.22087,2.25,1.50
2012.08.06 20:02:20.506,1.22071,1.22087,1.50,1.50
2012.08.06 20:02:21.075,1.22071,1.22087,1.50,1.50
2012.08.06 20:02:29.709,1.22071,1.22084,2.25,1.50
2012.08.06 20:02:49.955,1.22072,1.22085,1.50,1.50
2012.08.06 20:03:04.343,1.22068,1.22085,2.25,1.50
2012.08.06 20:03:16.234,1.22068,1.22085,2.25,2.25
2012.08.06 20:03:16.301,1.22066,1.22082,3.23,1.50
2012.08.06 20:03:16.367,1.22066,1.2208,1.73,1.50
2012.08.06 20:03:16.433,1.22063,1.2208,1.50,1.50
2012.08.06 20:03:18.230,1.22064,1.2208,1.50,1.50
2012.08.06 20:03:18.478,1.2206,1.22076,1.50,1.50
2012.08.06 20:03:18.604,1.22059,1.22076,1.50,2.25
2012.08.06 20:03:25.545,1.22057,1.22073,1.50,1.50
2012.08.06 20:03:30.195,1.22057,1.22076,1.50,2.25
2012.08.06 20:03:30.713,1.22061,1.22076,1.50,2.25
2012.08.06 20:03:36.219,1.22057,1.22076,3.00,2.25
2012.08.06 20:03:36.769,1.22057,1.22075,3.00,1.50
2012.08.06 20:03:36.835,1.22057,1.22075,1.50,1.50
2012.08.06 20:03:36.900,1.22055,1.22076,2.25,2.25
2012.08.06 20:03:36.966,1.22055,1.22073,1.50,1.50
2012.08.06 20:03:37.090,1.2205,1.2207,3.00,2.25
2012.08.06 20:03:37.775,1.2205,1.22069,2.25,1.50
2012.08.06 20:03:39.109,1.2205,1.22067,2.25,2.25
2012.08.06 20:03:39.435,1.22043,1.22058,1.13,1.50
2012.08.06 20:03:39.798,1.22041,1.22061,1.50,1.50
2012.08.06 20:03:39.921,1.22041,1.22061,1.50,2.25
2012.08.06 20:03:40.046,1.22041,1.22061,1.50,2.25
2012.08.06 20:03:40.229,1.22041,1.22061,1.50,1.50
2012.08.06 20:03:41.476,1.2204,1.22061,1.50,1.50
2012.08.06 20:03:59.402,1.2204,1.22061,2.25,1.50
2012.08.06 20:04:11.464,1.2204,1.22061,2.25,1.50
2012.08.06 20:04:21.381,1.2204,1.22061,2.25,1.50
2012.08.06 20:04:21.813,1.2204,1.22061,2.25,2.25
2012.08.06 20:04:37.119,1.2204,1.22061,1.50,2.25
2012.08.06 20:04:37.648,1.2204,1.22061,2.25,2.25
2012.08.06 20:04:39.117,1.22042,1.22061,1.50,2.25
2012.08.06 20:04:39.426,1.2205,1.22065,2.25,1.50
2012.08.06 20:04:48.974,1.2205,1.22065,2.25,1.50
2012.08.06 20:04:51.395,1.2205,1.22065,2.25,1.50
2012.08.06 20:04:54.634,1.2205,1.22069,2.25,1.50
2012.08.06 20:04:59.247,1.22049,1.22068,3.00,2.25
2012.08.06 20:05:01.404,1.22049,1.22068,3.00,1.50
2012.08.06 20:05:19.322,1.22048,1.22066,1.50,1.50
2012.08.06 20:05:21.417,1.22048,1.22066,1.50,1.50
2012.08.06 20:05:23.582,1.22058,1.22068,1.50,2.25
2012.08.06 20:05:25.594,1.22056,1.22068,1.50,2.25
2012.08.06 20:05:25.714,1.22049,1.22068,2.25,2.25
2012.08.06 20:05:41.276,1.22049,1.22068,2.25,2.25
2012.08.06 20:05:48.430,1.2205,1.2207,2.25,1.50
2012.08.06 20:05:48.961,1.2205,1.2207,2.25,2.25
2012.08.06 20:05:51.472,1.2205,1.2207,2.25,2.25
2012.08.06 20:05:55.144,1.2205,1.2207,2.25,1.50
2012.08.06 20:05:55.822,1.2205,1.2207,2.25,2.25
2012.08.06 20:05:56.653,1.2205,1.2207,2.25,1.50
2012.08.06 20:05:57.172,1.2205,1.2207,2.25,2.25
2012.08.06 20:06:10.769,1.2205,1.2207,2.25,1.50
2012.08.06 20:06:12.953,1.2205,1.2207,2.25,2.25
2012.08.06 20:06:36.019,1.2205,1.22069,3.00,1.50
2012.08.06 20:06:39.427,1.22053,1.22073,2.25,1.50
2012.08.06 20:06:43.500,1.22053,1.22072,1.50,1.50
2012.08.06 20:06:47.277,1.22053,1.22072,2.25,1.50
2012.08.06 20:06:47.585,1.22063,1.22084,2.25,3.00
2012.08.06 20:06:47.886,1.22063,1.22084,2.25,1.50
2012.08.06 20:06:48.592,1.22063,1.22084,3.75,2.25
2012.08.06 20:06:49.415,1.22064,1.22084,1.50,2.25
2012.08.06 20:06:50.952,1.22064,1.22084,1.50,1.50
2012.08.06 20:06:51.075,1.22063,1.22084,2.25,3.00
2012.08.06 20:06:51.424,1.22063,1.22079,1.50,1.50
2012.08.06 20:06:53.045,1.22063,1.22083,1.50,1.50
2012.08.06 20:06:53.109,1.22063,1.22084,1.50,2.25
2012.08.06 20:06:53.731,1.22063,1.22084,1.50,1.50
2012.08.06 20:06:55.788,1.22063,1.22084,1.50,2.25
2012.08.06 20:06:57.076,1.22063,1.22082,1.50,1.50
2012.08.06 20:06:57.604,1.22063,1.22084,1.50,3.98
2012.08.06 20:06:58.583,1.22063,1.22082,1.50,1.50
2012.08.06 20:06:59.282,1.22063,1.22078,1.50,1.50
2012.08.06 20:07:01.230,1.22063,1.22078,1.50,1.50
2012.08.06 20:07:01.413,1.22058,1.22076,1.50,1.50
2012.08.06 20:07:04.223,1.2206,1.22076,1.50,1.50
2012.08.06 20:07:04.580,1.22062,1.22076,1.50,1.50
2012.08.06 20:07:05.076,1.22058,1.22076,3.00,1.50
2012.08.06 20:07:05.819,1.22058,1.22076,3.00,1.50
2012.08.06 20:07:06.508,1.22058,1.22076,3.00,1.50
2012.08.06 20:07:10.244,1.22058,1.22076,3.00,1.50
2012.08.06 20:07:21.373,1.22058,1.22076,3.00,1.50
2012.08.06 20:07:21.468,1.22058,1.22076,3.00,1.50
2012.08.06 20:07:21.766,1.22058,1.22077,2.25,1.50
2012.08.06 20:07:21.834,1.22056,1.22073,2.25,1.50
2012.08.06 20:07:22.139,1.22048,1.22066,1.50,1.50
2012.08.06 20:07:25.015,1.22046,1.22067,2.25,2.25
2012.08.06 20:07:25.081,1.22046,1.22067,2.25,1.50
2012.08.06 20:07:25.146,1.22044,1.22062,1.73,1.50
2012.08.06 20:07:29.301,1.22047,1.22062,1.50,1.50
2012.08.06 20:07:29.367,1.22048,1.22064,2.25,1.50
2012.08.06 20:07:30.187,1.22048,1.22066,2.25,1.50
2012.08.06 20:07:33.777,1.22048,1.22067,2.25,2.25
2012.08.06 20:07:34.348,1.22048,1.22067,1.50,1.50
2012.08.06 20:07:34.412,1.22048,1.22067,1.50,2.25
2012.08.06 20:07:35.225,1.22048,1.22066,2.25,1.50
2012.08.06 20:07:35.627,1.22047,1.22059,2.48,1.50
2012.08.06 20:07:35.695,1.22043,1.22059,3.00,1.50
2012.08.06 20:07:35.821,1.2204,1.22059,1.50,1.50
2012.08.06 20:07:36.348,1.22038,1.22059,2.48,1.50
2012.08.06 20:07:39.783,1.22038,1.22059,2.48,1.50
2012.08.06 20:07:41.402,1.22038,1.22059,2.48,1.50
2012.08.06 20:07:46.441,1.22038,1.22059,2.48,1.50
2012.08.06 20:07:51.488,1.22038,1.22059,2.48,1.50
2012.08.06 20:07:55.752,1.22039,1.2206,2.25,1.50
2012.08.06 20:08:07.019,1.22037,1.22056,3.75,1.50
2012.08.06 20:08:07.626,1.22037,1.22056,1.50,1.50
2012.08.06 20:08:24.232,1.22042,1.22061,1.50,1.50
2012.08.06 20:08:32.667,1.22042,1.22061,1.50,2.25
2012.08.06 20:08:32.733,1.2204,1.22057,1.50,1.50
2012.08.06 20:08:32.797,1.22036,1.22057,3.00,1.50
2012.08.06 20:08:34.028,1.22036,1.22057,1.50,2.25
2012.08.06 20:08:35.320,1.22036,1.22057,2.48,1.50
2012.08.06 20:08:35.948,1.22037,1.22057,1.50,1.50
2012.08.06 20:08:36.014,1.22036,1.22057,2.25,1.50
2012.08.06 20:08:39.968,1.22035,1.22052,1.50,1.50
2012.08.06 20:08:40.262,1.22033,1.22052,2.25,1.50
2012.08.06 20:08:40.329,1.22031,1.22052,2.25,1.50
2012.08.06 20:08:40.394,1.22031,1.22052,2.25,1.50
2012.08.06 20:08:40.755,1.22029,1.22046,2.25,1.50
2012.08.06 20:08:41.496,1.22026,1.22046,1.13,1.50
2012.08.06 20:08:42.397,1.22026,1.22046,1.13,1.50
2012.08.06 20:08:43.019,1.22027,1.22046,2.25,1.50
2012.08.06 20:08:51.725,1.22027,1.22046,1.13,1.50
2012.08.06 20:08:52.407,1.22026,1.22046,2.25,1.50
2012.08.06 20:08:56.045,1.22024,1.22046,3.00,1.50
2012.08.06 20:08:58.245,1.22024,1.22046,2.25,2.48
2012.08.06 20:08:58.434,1.22021,1.2204,2.25,1.73
2012.08.06 20:08:58.719,1.22027,1.22045,1.50,1.73
2012.08.06 20:08:59.447,1.22027,1.22045,1.50,2.48
2012.08.06 20:09:00.373,1.2202,1.22042,2.25,1.73
2012.08.06 20:09:01.645,1.2202,1.22042,3.00,1.50
2012.08.06 20:09:03.618,1.22026,1.22042,1.50,2.25
2012.08.06 20:09:03.976,1.22028,1.22043,1.50,1.50
2012.08.06 20:09:04.730,1.22028,1.22047,1.50,3.23
2012.08.06 20:09:04.836,1.22028,1.22047,1.50,3.98
2012.08.06 20:09:04.959,1.22028,1.22047,1.50,3.23
2012.08.06 20:09:06.427,1.22028,1.22044,1.50,1.50
2012.08.06 20:09:06.491,1.22023,1.22042,2.25,1.50
2012.08.06 20:09:11.279,1.22023,1.22042,2.25,1.50
2012.08.06 20:09:17.043,1.22024,1.22042,1.13,1.50
2012.08.06 20:09:17.287,1.22037,1.2205,1.50,1.50
2012.08.06 20:09:17.354,1.22037,1.22051,1.50,1.50
2012.08.06 20:09:17.886,1.22036,1.22054,2.25,1.73
2012.08.06 20:09:24.246,1.22036,1.22056,2.25,1.73
2012.08.06 20:09:26.626,1.22036,1.22056,2.25,2.48
2012.08.06 20:09:29.175,1.22036,1.22056,1.50,1.73
2012.08.06 20:09:36.803,1.22036,1.22056,1.50,1.50
2012.08.06 20:09:49.935,1.22033,1.22051,1.50,1.50
2012.08.06 20:09:50.238,1.2203,1.22037,1.50,1.50
2012.08.06 20:09:50.366,1.22024,1.22037,1.50,1.50
2012.08.06 20:09:50.432,1.22024,1.22043,1.50,3.00
2012.08.06 20:09:50.499,1.22024,1.22043,1.50,2.25
2012.08.06 20:09:52.060,1.22024,1.22043,1.50,2.25
2012.08.06 20:09:52.187,1.22017,1.22037,3.00,1.50
2012.08.06 20:09:52.727,1.22017,1.22037,3.00,1.50
2012.08.06 20:09:53.114,1.22017,1.22037,2.25,1.50
2012.08.06 20:09:54.224,1.22017,1.22033,2.25,1.50
2012.08.06 20:09:55.239,1.22017,1.22033,2.25,1.50
2012.08.06 20:09:56.078,1.22017,1.22038,2.25,3.98
2012.08.06 20:09:56.204,1.22017,1.22036,1.50,1.73
2012.08.06 20:09:56.561,1.22017,1.22031,1.50,1.50
2012.08.06 20:09:59.317,1.22017,1.22038,2.25,3.23
2012.08.06 20:10:00.297,1.22021,1.22038,1.50,1.73
2012.08.06 20:10:00.832,1.22021,1.22041,1.50,2.48
2012.08.06 20:10:04.521,1.22021,1.22042,1.50,1.73
2012.08.06 20:10:08.392,1.22021,1.22042,1.50,1.73
2012.08.06 20:10:09.999,1.22021,1.22043,1.50,2.48
2012.08.06 20:10:15.569,1.22021,1.22043,3.75,1.50
2012.08.06 20:10:15.836,1.22027,1.22046,1.50,1.50
2012.08.06 20:10:19.539,1.22027,1.22044,1.50,1.50
2012.08.06 20:10:20.070,1.22027,1.22046,1.73,1.50
2012.08.06 20:10:20.253,1.22031,1.22048,1.50,1.50
2012.08.06 20:10:20.433,1.22031,1.22049,1.50,2.25
2012.08.06 20:10:21.211,1.22031,1.22052,1.50,3.75
2012.08.06 20:10:21.276,1.22033,1.22052,1.50,3.75
2012.08.06 20:10:21.578,1.22035,1.22052,1.50,2.25
2012.08.06 20:10:25.689,1.22031,1.22045,1.50,1.50
2012.08.06 20:10:53.911,1.22031,1.22045,1.50,1.50
2012.08.06 20:10:55.992,1.2203,1.22045,1.50,1.50
2012.08.06 20:10:56.117,1.22024,1.22043,2.25,1.50
2012.08.06 20:10:59.733,1.22028,1.22043,1.50,1.50
2012.08.06 20:11:00.439,1.22029,1.22043,1.50,1.50
2012.08.06 20:11:02.385,1.22029,1.22045,1.50,1.50
2012.08.06 20:11:02.688,1.22035,1.22054,1.50,1.50
2012.08.06 20:11:02.986,1.22035,1.22056,1.50,4.35
2012.08.06 20:11:03.622,1.22035,1.22056,1.50,2.25
2012.08.06 20:11:05.853,1.22035,1.22056,1.50,3.00
2012.08.06 20:11:07.749,1.22039,1.22056,1.50,1.50
2012.08.06 20:11:09.392,1.22039,1.22057,1.50,1.73
2012.08.06 20:11:13.224,1.22035,1.22054,1.50,1.50
2012.08.06 20:11:33.001,1.22038,1.22056,1.50,1.50
2012.08.06 20:11:33.549,1.22038,1.22057,1.50,2.25
2012.08.06 20:11:53.699,1.22038,1.22059,1.50,1.73
2012.08.06 20:11:56.362,1.22035,1.22054,1.50,1.50
2012.08.06 20:12:16.461,1.22038,1.22057,1.50,3.00
2012.08.06 20:12:16.819,1.22038,1.22057,1.50,4.73
2012.08.06 20:12:16.941,1.22032,1.22053,1.50,2.25
2012.08.06 20:12:36.728,1.22029,1.2205,2.25,1.50
2012.08.06 20:12:46.909,1.22029,1.2205,1.50,1.50
2012.08.06 20:12:56.699,1.22029,1.22048,1.50,1.50
2012.08.06 20:12:57.511,1.22026,1.22047,2.25,1.50
2012.08.06 20:12:59.851,1.22032,1.22051,1.50,1.73
2012.08.06 20:13:00.408,1.22032,1.22048,1.50,1.50
2012.08.06 20:13:00.766,1.22026,1.22045,3.23,1.50
2012.08.06 20:13:00.894,1.22031,1.22052,1.50,2.48
2012.08.06 20:13:00.961,1.22025,1.22046,1.88,1.50
2012.08.06 20:13:01.238,1.22025,1.22046,3.38,1.50
2012.08.06 20:13:01.664,1.22026,1.22046,1.88,1.50
2012.08.06 20:13:01.731,1.22026,1.22046,1.35,1.50
2012.08.06 20:13:02.070,1.22027,1.22046,1.13,1.50
2012.08.06 20:13:02.616,1.22037,1.22055,1.50,1.73
2012.08.06 20:13:03.458,1.22037,1.22051,1.50,1.73
2012.08.06 20:13:03.532,1.22032,1.22043,1.50,1.50
2012.08.06 20:13:04.000,1.22031,1.22049,1.50,2.25
2012.08.06 20:13:04.172,1.22035,1.22055,1.50,3.23
2012.08.06 20:13:04.482,1.22035,1.22055,1.73,3.00
2012.08.06 20:13:04.995,1.22036,1.22055,1.50,1.50
2012.08.06 20:13:05.188,1.22035,1.22055,2.48,1.50
2012.08.06 20:13:05.818,1.22042,1.22058,1.50,1.50
2012.08.06 20:13:05.945,1.22037,1.22056,1.50,1.50
2012.08.06 20:13:06.979,1.22035,1.22055,1.50,1.73
2012.08.06 20:13:07.053,1.2203,1.22051,1.73,1.50
2012.08.06 20:13:07.632,1.22031,1.22046,1.73,1.50
2012.08.06 20:13:07.841,1.22034,1.22054,3.23,1.50
2012.08.06 20:13:07.913,1.22034,1.22056,3.00,3.23
2012.08.06 20:13:09.054,1.22036,1.22056,1.50,3.23
2012.08.06 20:13:09.386,1.22037,1.22047,1.50,1.73
2012.08.06 20:13:09.752,1.22037,1.22047,1.50,1.73
2012.08.06 20:13:10.060,1.22034,1.22051,1.50,2.48
2012.08.06 20:13:10.189,1.22032,1.22051,1.50,1.50
2012.08.06 20:13:10.316,1.22029,1.22047,1.73,1.50
2012.08.06 20:13:10.626,1.22034,1.22047,1.73,1.50
2012.08.06 20:13:10.692,1.22034,1.22051,1.73,1.50
2012.08.06 20:13:10.939,1.22033,1.22051,1.73,1.50
2012.08.06 20:13:11.006,1.22036,1.22056,1.50,1.73
2012.08.06 20:13:11.131,1.22048,1.22058,1.50,1.50
2012.08.06 20:13:11.579,1.22041,1.22058,1.50,3.23
2012.08.06 20:13:15.573,1.22041,1.22058,1.50,2.48
2012.08.06 20:13:16.239,1.22056,1.22068,1.50,2.48
2012.08.06 20:13:16.306,1.22056,1.22068,1.50,2.25
2012.08.06 20:13:16.372,1.22062,1.22068,1.50,2.25
2012.08.06 20:13:16.907,1.22062,1.22076,1.50,1.73
2012.08.06 20:13:17.733,1.22056,1.22076,1.50,1.73
2012.08.06 20:13:18.280,1.22061,1.22078,1.50,2.25
2012.08.06 20:13:18.578,1.22061,1.2208,1.50,1.50
2012.08.06 20:13:18.702,1.22061,1.22081,1.50,1.73
2012.08.06 20:13:21.084,1.22057,1.22076,1.50,1.50
2012.08.06 20:13:21.326,1.2205,1.2207,2.25,1.50
2012.08.06 20:13:21.944,1.2205,1.2207,2.25,1.50
2012.08.06 20:13:22.968,1.22062,1.22074,1.50,1.73
2012.08.06 20:13:23.209,1.22053,1.22072,1.50,1.73
2012.08.06 20:13:23.739,1.2205,1.22067,2.25,1.50
2012.08.06 20:13:24.044,1.22053,1.22067,1.73,1.50
2012.08.06 20:13:24.535,1.22057,1.22069,1.50,1.50
2012.08.06 20:13:24.612,1.22059,1.22069,1.73,1.50
2012.08.06 20:13:24.798,1.22059,1.22076,1.73,1.50
2012.08.06 20:13:24.864,1.22062,1.22078,1.73,1.50
2012.08.06 20:13:24.991,1.22063,1.22075,1.73,1.50
2012.08.06 20:13:25.293,1.22072,1.22078,1.50,1.50
2012.08.06 20:13:25.769,1.22072,1.22091,1.50,1.73
2012.08.06 20:13:26.132,1.22072,1.22087,1.50,1.50
2012.08.06 20:13:26.254,1.22065,1.22086,1.73,1.50
2012.08.06 20:13:26.497,1.22065,1.22086,1.73,1.50
2012.08.06 20:13:26.681,1.2207,1.22091,1.50,1.50
2012.08.06 20:13:26.866,1.2207,1.2209,1.50,1.73
2012.08.06 20:13:27.169,1.22068,1.22085,1.50,2.25
2012.08.06 20:13:27.527,1.22064,1.22085,1.50,3.98
2012.08.06 20:13:29.320,1.22062,1.22079,1.50,1.50
2012.08.06 20:13:29.853,1.2206,1.22079,2.25,1.50
2012.08.06 20:13:30.210,1.22063,1.22084,1.50,1.73
2012.08.06 20:13:30.276,1.22057,1.22078,1.73,1.50
2012.08.06 20:13:31.521,1.22057,1.22078,3.23,1.50
2012.08.06 20:13:31.585,1.22057,1.22078,3.23,1.50
2012.08.06 20:13:31.943,1.22058,1.22078,1.73,1.50
2012.08.06 20:13:32.127,1.22065,1.22084,1.50,2.25
2012.08.06 20:13:32.446,1.22059,1.22081,1.73,1.50
2012.08.06 20:13:33.338,1.22059,1.22081,2.48,1.50
2012.08.06 20:13:33.842,1.22059,1.22081,1.73,1.50
2012.08.06 20:13:34.062,1.22059,1.22081,1.73,1.58
2012.08.06 20:13:35.624,1.22064,1.22081,1.50,1.58
2012.08.06 20:13:35.921,1.22061,1.22082,1.73,1.58
2012.08.06 20:13:36.432,1.22061,1.22082,1.73,1.58
2012.08.06 20:13:37.393,1.22061,1.22082,1.73,1.58
2012.08.06 20:13:37.826,1.22061,1.22082,1.73,1.50
2012.08.06 20:13:37.891,1.22061,1.22082,1.73,1.58
2012.08.06 20:13:38.243,1.22061,1.22082,1.73,1.65
2012.08.06 20:13:41.402,1.22061,1.22082,1.50,1.50
2012.08.06 20:13:45.965,1.22061,1.2208,1.50,1.50
2012.08.06 20:13:46.029,1.22056,1.22078,3.23,1.50
2012.08.06 20:13:46.565,1.22056,1.22078,2.25,1.50
2012.08.06 20:13:49.176,1.22056,1.22078,2.48,1.50
2012.08.06 20:13:51.117,1.2206,1.22078,1.50,1.50
2012.08.06 20:13:51.182,1.22062,1.22083,1.50,2.48
2012.08.06 20:14:08.934,1.22062,1.22083,1.73,1.50
2012.08.06 20:14:09.453,1.22062,1.22083,4.73,1.50
2012.08.06 20:14:09.635,1.22067,1.22089,2.48,1.50
2012.08.06 20:14:13.740,1.22065,1.22084,1.73,1.50
2012.08.06 20:14:14.251,1.22063,1.22084,2.48,1.50
2012.08.06 20:14:19.732,1.22064,1.22084,1.73,1.50
2012.08.06 20:14:20.465,1.22063,1.22084,3.23,1.50
2012.08.06 20:14:24.880,1.22063,1.22084,3.23,1.58
2012.08.06 20:14:25.241,1.22063,1.22084,3.23,1.65
2012.08.06 20:14:25.745,1.22063,1.22084,2.48,1.65
2012.08.06 20:14:25.868,1.22063,1.22084,2.48,1.65
2012.08.06 20:14:26.557,1.22063,1.22084,2.48,1.50
2012.08.06 20:14:26.679,1.22063,1.22084,2.48,1.58
2012.08.06 20:14:28.111,1.22063,1.22084,3.23,1.58
2012.08.06 20:14:28.181,1.22063,1.22084,4.73,1.50
2012.08.06 20:14:33.812,1.22067,1.22086,2.48,1.50
2012.08.06 20:14:38.572,1.22073,1.22091,1.50,1.50
2012.08.06 20:14:42.594,1.22067,1.22089,2.48,1.50
2012.08.06 20:14:54.195,1.22067,1.22089,1.73,2.25
2012.08.06 20:14:54.502,1.22042,1.2207,3.23,1.50
2012.08.06 20:14:54.628,1.22042,1.2207,3.23,1.50
2012.08.06 20:14:54.754,1.22042,1.2207,2.48,1.50
2012.08.06 20:14:55.070,1.22042,1.22067,1.35,1.50
2012.08.06 20:14:55.254,1.22039,1.22064,1.13,1.73
2012.08.06 20:14:55.378,1.22037,1.22064,1.73,1.73
2012.08.06 20:14:55.946,1.22037,1.22065,1.35,1.73
2012.08.06 20:14:57.615,1.2204,1.22065,1.50,1.73
2012.08.06 20:14:57.921,1.22041,1.2207,1.73,1.73
2012.08.06 20:14:58.046,1.22042,1.2207,1.50,1.73
2012.08.06 20:14:58.349,1.22037,1.22067,2.48,2.48
2012.08.06 20:14:58.875,1.22037,1.22067,2.48,2.48
2012.08.06 20:14:59.275,1.22039,1.22068,1.73,1.73
2012.08.06 20:15:01.515,1.22043,1.22069,1.50,2.48
2012.08.06 20:15:01.762,1.22041,1.22068,1.73,1.73
2012.08.06 20:15:03.483,1.2204,1.22068,1.73,1.73
2012.08.06 20:15:05.718,1.22038,1.22066,1.73,2.25
2012.08.06 20:15:05.905,1.22038,1.22066,2.42,1.50
2012.08.06 20:15:06.030,1.22037,1.22066,2.48,1.50
2012.08.06 20:15:06.537,1.22037,1.22066,2.48,1.50
2012.08.06 20:15:06.817,1.22037,1.22064,2.25,2.48
2012.08.06 20:15:07.771,1.22041,1.22064,1.50,2.48
2012.08.06 20:15:08.017,1.22043,1.22071,1.13,1.73
2012.08.06 20:15:08.554,1.22043,1.22071,1.13,1.73
2012.08.06 20:15:09.765,1.22043,1.22071,1.50,1.73
2012.08.06 20:15:10.766,1.22043,1.22071,1.50,1.73
2012.08.06 20:15:11.563,1.22041,1.22071,1.50,2.48
2012.08.06 20:15:11.977,1.22041,1.2207,2.25,1.73
2012.08.06 20:15:12.648,1.22041,1.22071,2.25,1.73
2012.08.06 20:15:13.076,1.2204,1.22071,2.48,2.48
2012.08.06 20:15:13.199,1.2204,1.22066,1.73,1.50
2012.08.06 20:15:14.009,1.22038,1.22065,2.25,1.73
2012.08.06 20:15:14.200,1.22039,1.22068,1.73,2.25
2012.08.06 20:15:14.508,1.22043,1.22068,2.42,1.50
2012.08.06 20:15:14.633,1.22043,1.22072,3.17,1.73
2012.08.06 20:15:14.700,1.22046,1.22073,1.13,2.25
2012.08.06 20:15:14.883,1.22047,1.22074,1.50,1.50
2012.08.06 20:15:15.184,1.22045,1.22073,1.45,2.25
2012.08.06 20:15:15.307,1.22043,1.22073,2.25,2.25
2012.08.06 20:15:15.589,1.22044,1.22073,1.50,2.25
2012.08.06 20:15:16.138,1.22043,1.22073,3.23,1.73
2012.08.06 20:15:18.333,1.22044,1.22073,1.73,2.48
2012.08.06 20:15:23.540,1.22044,1.22071,1.73,1.73
2012.08.06 20:15:26.609,1.22042,1.22069,1.50,1.73
2012.08.06 20:15:45.656,1.22042,1.22068,1.73,1.50
2012.08.06 20:15:49.927,1.22042,1.22068,1.73,1.50
2012.08.06 20:15:50.109,1.22042,1.22068,1.50,1.73
2012.08.06 20:15:50.680,1.2204,1.22068,1.50,1.73
2012.08.06 20:15:52.407,1.2204,1.22068,1.73,1.88
2012.08.06 20:15:52.928,1.2204,1.22068,1.73,1.50
2012.08.06 20:16:00.594,1.2204,1.22068,1.73,1.73
2012.08.06 20:16:02.286,1.22042,1.22069,1.50,1.73
2012.08.06 20:16:02.352,1.22042,1.22069,1.73,1.50
2012.08.06 20:16:02.418,1.22043,1.2207,1.73,1.50
2012.08.06 20:16:02.723,1.22049,1.22076,1.50,1.73
2012.08.06 20:16:02.972,1.2205,1.22077,1.35,1.50
2012.08.06 20:16:03.163,1.22048,1.22077,1.50,1.73
2012.08.06 20:16:12.258,1.22049,1.22078,1.50,3.23
2012.08.06 20:16:12.456,1.22049,1.22078,1.50,3.23
2012.08.06 20:16:12.960,1.22049,1.22078,1.73,3.23
2012.08.06 20:16:20.380,1.22052,1.22078,1.35,1.73
2012.08.06 20:17:28.001,1.2205,1.2208,2.10,2.25
2012.08.06 20:17:28.805,1.22051,1.2208,1.35,1.50
2012.08.06 20:17:29.345,1.22052,1.22079,2.48,1.50
2012.08.06 20:17:36.057,1.22052,1.22078,1.73,2.25
2012.08.06 20:17:38.231,1.22052,1.22078,1.73,2.33
2012.08.06 20:17:38.837,1.22052,1.22075,1.73,2.13
2012.08.06 20:17:39.632,1.22052,1.22075,1.73,1.67
2012.08.06 20:17:40.563,1.22052,1.22078,1.73,3.31
2012.08.06 20:17:40.947,1.22052,1.22077,1.73,1.81
2012.08.06 20:17:41.530,1.22052,1.22078,1.73,2.78
2012.08.06 20:17:41.825,1.22052,1.22078,1.73,2.78
2012.08.06 20:17:43.483,1.22052,1.22078,1.73,2.70
2012.08.06 20:17:43.974,1.22052,1.22077,1.73,1.50
2012.08.06 20:17:44.104,1.22052,1.22077,1.73,1.50
2012.08.06 20:17:44.408,1.22049,1.22074,1.73,1.88
2012.08.06 20:17:44.474,1.22046,1.22073,1.73,1.50
2012.08.06 20:17:44.539,1.22046,1.22073,1.50,1.73
2012.08.06 20:17:44.604,1.22043,1.22071,1.73,1.50
2012.08.06 20:17:44.671,1.22043,1.22073,1.73,3.23
2012.08.06 20:17:44.737,1.22043,1.22073,1.73,3.00
2012.08.06 20:17:52.633,1.22043,1.22071,1.73,1.50
2012.08.06 20:17:52.759,1.22041,1.22071,3.98,2.25
2012.08.06 20:17:56.343,1.22046,1.22071,1.43,1.50
2012.08.06 20:17:56.977,1.22046,1.22073,2.48,1.50
2012.08.06 20:17:57.279,1.2205,1.22076,2.48,1.50
2012.08.06 20:18:00.114,1.2205,1.22078,2.48,4.50
2012.08.06 20:18:00.236,1.2205,1.22078,2.48,3.75
2012.08.06 20:18:00.300,1.2205,1.22078,2.48,4.50
2012.08.06 20:18:00.450,1.2205,1.22074,2.48,1.50
2012.08.06 20:18:00.572,1.2205,1.22073,2.48,1.50
2012.08.06 20:18:09.203,1.22053,1.22073,1.35,1.50
2012.08.06 20:18:09.329,1.22057,1.22082,1.50,1.73
2012.08.06 20:18:09.395,1.22057,1.22082,1.73,1.88
2012.08.06 20:18:09.925,1.22057,1.22079,1.50,1.50
2012.08.06 20:18:11.285,1.22051,1.22077,2.48,1.50
2012.08.06 20:18:28.953,1.2205,1.22077,3.98,2.25
2012.08.06 20:18:29.541,1.2205,1.22077,3.23,3.00
2012.08.06 20:18:31.148,1.22052,1.22074,2.48,1.50
2012.08.06 20:18:32.781,1.22052,1.22074,2.48,1.50
2012.08.06 20:18:34.263,1.22052,1.22074,2.25,1.50
2012.08.06 20:18:41.152,1.22052,1.22074,1.73,2.25
2012.08.06 20:18:46.474,1.22052,1.22073,1.50,2.10
2012.08.06 20:18:49.324,1.22052,1.22074,1.50,2.25
2012.08.06 20:18:51.238,1.22053,1.22075,1.50,2.25
2012.08.06 20:19:11.332,1.22051,1.22072,1.50,1.50
2012.08.06 20:19:17.776,1.22051,1.22072,1.50,2.25
2012.08.06 20:19:18.663,1.22047,1.22067,1.50,2.25
2012.08.06 20:19:18.794,1.2204,1.22061,3.23,3.00
2012.08.06 20:19:18.925,1.22036,1.22056,2.48,1.50
2012.08.06 20:19:18.994,1.22036,1.22056,2.48,1.50
2012.08.06 20:19:19.061,1.22036,1.22056,1.50,1.50
2012.08.06 20:19:21.128,1.22036,1.22056,1.73,1.50
2012.08.06 20:19:21.564,1.22039,1.22056,1.73,1.50
2012.08.06 20:19:21.632,1.22042,1.22063,2.48,1.50
2012.08.06 20:19:21.819,1.22042,1.22063,3.23,1.50
2012.08.06 20:19:22.063,1.22042,1.22063,2.48,1.50
2012.08.06 20:19:22.432,1.22047,1.22067,1.50,1.50
2012.08.06 20:19:26.229,1.22047,1.22067,1.50,2.25
2012.08.06 20:19:26.874,1.22047,1.22067,1.50,1.50
2012.08.06 20:19:27.520,1.22049,1.22067,1.50,1.50
2012.08.06 20:19:27.862,1.22051,1.22068,1.50,1.50
2012.08.06 20:19:47.671,1.22048,1.22068,1.50,1.50
2012.08.06 20:19:58.721,1.22048,1.22069,1.50,1.50
2012.08.06 20:19:59.226,1.22048,1.22069,1.50,2.25
2012.08.06 20:20:07.149,1.22051,1.22069,1.50,2.25
2012.08.06 20:20:07.752,1.22053,1.22071,1.50,1.73
2012.08.06 20:20:10.659,1.22045,1.22066,1.73,1.50
2012.08.06 20:20:11.101,1.22056,1.22073,1.50,1.73
2012.08.06 20:20:14.444,1.22056,1.22073,1.50,1.73
2012.08.06 20:20:15.458,1.22055,1.22072,1.50,2.25
2012.08.06 20:20:15.619,1.22051,1.22072,1.50,2.25
2012.08.06 20:20:16.888,1.22051,1.2207,1.50,1.50
2012.08.06 20:20:17.602,1.22051,1.22072,1.50,3.23
2012.08.06 20:20:24.717,1.22051,1.22072,2.25,3.23
2012.08.06 20:20:24.783,1.22051,1.22072,2.25,2.48
2012.08.06 20:20:25.085,1.22056,1.22077,1.50,2.25
2012.08.06 20:20:28.435,1.22056,1.22077,1.50,1.50
2012.08.06 20:20:33.628,1.22056,1.22077,2.25,1.50
2012.08.06 20:20:33.934,1.22062,1.22083,1.50,1.50
2012.08.06 20:20:34.000,1.22067,1.22084,1.50,2.25
2012.08.06 20:20:34.247,1.22067,1.22088,1.50,3.23
2012.08.06 20:20:34.494,1.22067,1.22088,1.50,1.50
2012.08.06 20:20:34.733,1.22072,1.2209,1.50,1.73
2012.08.06 20:20:35.235,1.22072,1.22091,1.50,2.25
2012.08.06 20:20:35.302,1.22072,1.22093,1.50,2.25
2012.08.06 20:20:35.604,1.22077,1.22094,1.50,2.25
2012.08.06 20:20:36.748,1.22072,1.22093,1.50,2.25
2012.08.06 20:20:43.123,1.22077,1.22094,1.50,3.00
2012.08.06 20:20:43.543,1.22077,1.22098,1.50,3.00
2012.08.06 20:21:03.186,1.22079,1.22098,1.50,1.50
2012.08.06 20:21:07.358,1.22079,1.22097,1.50,1.50
2012.08.06 20:21:07.667,1.22077,1.22093,1.50,2.25
2012.08.06 20:21:07.794,1.22067,1.22089,1.73,1.50
2012.08.06 20:21:10.587,1.22067,1.22089,2.48,2.25
2012.08.06 20:21:17.811,1.22067,1.22089,1.50,2.25
2012.08.06 20:21:18.326,1.22067,1.22089,1.50,3.00
2012.08.06 20:21:20.801,1.22067,1.22089,1.73,2.25
2012.08.06 20:21:21.102,1.22072,1.22093,1.50,4.50
2012.08.06 20:21:21.645,1.22072,1.22093,1.50,3.75
2012.08.06 20:21:22.246,1.22072,1.22093,1.50,4.50
2012.08.06 20:21:24.135,1.22067,1.22089,1.73,2.25
2012.08.06 20:21:24.200,1.22067,1.22089,1.73,2.25
2012.08.06 20:21:24.398,1.22067,1.22089,1.73,2.25
2012.08.06 20:21:26.151,1.22067,1.22089,1.73,1.50
2012.08.06 20:21:26.242,1.22067,1.22089,1.73,1.50
2012.08.06 20:21:26.837,1.22065,1.22085,3.23,1.50
2012.08.06 20:21:28.526,1.22065,1.22085,1.73,1.50
2012.08.06 20:21:28.827,1.22068,1.22089,2.25,1.50
2012.08.06 20:21:30.944,1.22068,1.22089,1.73,1.50
2012.08.06 20:21:31.475,1.22068,1.22089,1.50,1.50
2012.08.06 20:21:35.545,1.22068,1.22089,2.25,1.50
2012.08.06 20:21:38.098,1.22068,1.22089,1.73,1.50
2012.08.06 20:21:38.802,1.22068,1.22089,1.73,1.50
2012.08.06 20:21:39.299,1.22068,1.22089,2.25,1.50
2012.08.06 20:21:41.555,1.22065,1.22084,2.25,1.50
2012.08.06 20:21:41.621,1.22065,1.22084,2.25,1.50
2012.08.06 20:21:42.140,1.22061,1.22084,3.60,1.50
2012.08.06 20:21:42.380,1.22063,1.22084,1.73,1.50
2012.08.06 20:21:43.582,1.22063,1.22084,1.73,1.50
2012.08.06 20:21:46.650,1.22068,1.22084,1.13,1.50
2012.08.06 20:21:46.780,1.22073,1.22088,3.00,1.50
2012.08.06 20:21:47.069,1.22075,1.22096,2.25,1.50
2012.08.06 20:21:47.136,1.22076,1.22096,1.73,1.50
2012.08.06 20:21:50.103,1.22076,1.22096,2.48,1.50
2012.08.06 20:21:50.227,1.22076,1.22096,2.48,1.50
2012.08.06 20:21:51.080,1.22075,1.22096,2.48,1.50
2012.08.06 20:21:51.204,1.22075,1.22096,3.23,1.50
2012.08.06 20:21:52.741,1.22077,1.22096,2.48,1.50
2012.08.06 20:21:53.282,1.22075,1.22096,2.48,1.50
2012.08.06 20:21:53.731,1.22075,1.22093,2.48,1.50
2012.08.06 20:21:53.856,1.22072,1.22092,1.73,1.50
2012.08.06 20:21:53.982,1.22072,1.22092,1.73,1.50
2012.08.06 20:21:54.285,1.2207,1.22092,4.73,1.50
2012.08.06 20:21:57.498,1.2207,1.22092,3.23,1.50
2012.08.06 20:22:03.108,1.2207,1.22092,1.73,1.50
2012.08.06 20:22:03.231,1.2207,1.22092,1.73,1.50
2012.08.06 20:22:03.647,1.2207,1.22092,1.73,2.25
2012.08.06 20:22:03.832,1.22066,1.22087,3.23,1.50
2012.08.06 20:22:06.324,1.22068,1.22087,1.50,1.50
2012.08.06 20:22:06.513,1.2207,1.22091,1.73,2.25
2012.08.06 20:22:06.580,1.2207,1.22091,1.73,1.50
2012.08.06 20:22:06.705,1.2207,1.22091,1.73,2.25
2012.08.06 20:22:08.832,1.2207,1.22091,1.50,1.50
2012.08.06 20:22:09.021,1.22071,1.22091,1.50,1.50
2012.08.06 20:22:09.357,1.22071,1.22091,2.48,1.50
2012.08.06 20:22:12.646,1.22076,1.22097,1.73,2.25
2012.08.06 20:22:13.185,1.22076,1.22097,1.50,3.00
2012.08.06 20:22:21.322,1.22076,1.22097,1.50,3.75
2012.08.06 20:22:22.156,1.22073,1.22091,1.73,1.50
2012.08.06 20:22:22.731,1.22071,1.22091,1.50,1.50
2012.08.06 20:22:23.092,1.22069,1.22086,2.48,1.50
2012.08.06 20:22:31.417,1.22069,1.22086,2.48,1.50
2012.08.06 20:22:36.033,1.22069,1.22091,1.73,1.50
2012.08.06 20:22:43.849,1.22069,1.22087,1.73,1.50
2012.08.06 20:22:44.507,1.22068,1.22086,1.73,1.50
2012.08.06 20:22:45.847,1.22068,1.22086,1.73,1.50
2012.08.06 20:22:51.231,1.22068,1.22086,2.48,1.50
2012.08.06 20:22:58.635,1.22063,1.22081,1.50,2.25
2012.08.06 20:22:58.703,1.22063,1.22081,1.50,1.50
2012.08.06 20:22:59.285,1.22058,1.22081,3.98,1.50
2012.08.06 20:22:59.536,1.22063,1.22083,1.50,1.50
2012.08.06 20:23:02.669,1.22063,1.22084,1.50,3.00
2012.08.06 20:23:02.797,1.22059,1.22078,1.50,3.00
2012.08.06 20:23:02.864,1.22054,1.22073,1.50,1.50
2012.08.06 20:23:03.407,1.22053,1.22073,1.50,1.50
2012.08.06 20:23:07.095,1.22053,1.22073,1.73,1.50
2012.08.06 20:23:07.279,1.22059,1.22078,1.50,2.25
2012.08.06 20:23:09.866,1.22059,1.22078,1.73,2.25
2012.08.06 20:23:09.992,1.22059,1.22078,1.50,1.50
2012.08.06 20:23:22.728,1.22067,1.2208,1.50,3.00
2012.08.06 20:23:24.671,1.22061,1.22081,1.50,2.25
2012.08.06 20:23:26.233,1.22061,1.22081,1.50,1.50
2012.08.06 20:23:40.142,1.22061,1.22081,2.25,1.50
2012.08.06 20:23:42.553,1.22061,1.22081,1.50,1.50
2012.08.06 20:23:42.924,1.22061,1.2208,1.50,1.35
2012.08.06 20:23:43.289,1.22058,1.22076,1.50,1.50
2012.08.06 20:23:43.356,1.22055,1.22076,2.48,2.25
2012.08.06 20:23:43.720,1.22055,1.22076,2.48,1.50
2012.08.06 20:23:45.307,1.22059,1.22081,1.50,2.25
2012.08.06 20:23:46.127,1.22059,1.22081,1.50,2.25
2012.08.06 20:23:48.445,1.22059,1.22081,1.50,2.25
2012.08.06 20:23:48.570,1.22059,1.22078,1.50,1.50
2012.08.06 20:23:48.935,1.22055,1.22076,2.48,1.50
2012.08.06 20:23:49.238,1.22061,1.22078,1.50,1.50
2012.08.06 20:23:49.723,1.22061,1.22081,1.50,1.50
2012.08.06 20:23:50.082,1.22057,1.22076,1.73,1.50
2012.08.06 20:23:51.128,1.2206,1.22082,1.50,2.25
2012.08.06 20:23:51.615,1.22056,1.22077,2.48,1.50
2012.08.06 20:23:52.074,1.2206,1.22082,1.50,2.25
2012.08.06 20:23:53.965,1.2206,1.22082,1.50,2.25
2012.08.06 20:23:54.090,1.22056,1.22077,2.48,1.50
2012.08.06 20:23:54.569,1.2206,1.22082,1.50,2.25
2012.08.06 20:23:54.634,1.2206,1.22082,1.50,1.50
2012.08.06 20:23:55.058,1.2206,1.22082,1.50,2.25
2012.08.06 20:23:55.541,1.2206,1.22082,1.50,1.50
2012.08.06 20:23:55.608,1.2206,1.22082,1.50,2.25
2012.08.06 20:23:56.840,1.2206,1.22082,1.50,2.25
2012.08.06 20:23:57.670,1.2206,1.22082,1.50,2.25
2012.08.06 20:23:57.916,1.2206,1.22082,1.50,2.25
2012.08.06 20:23:58.273,1.2206,1.22082,1.50,2.25
2012.08.06 20:24:00.067,1.22057,1.22076,1.73,1.50
2012.08.06 20:24:00.395,1.2206,1.22082,1.50,2.25
2012.08.06 20:24:04.820,1.2206,1.22082,1.50,1.50
2012.08.06 20:24:08.065,1.2206,1.22082,1.50,3.00
2012.08.06 20:24:08.638,1.2206,1.22082,1.50,3.00
2012.08.06 20:24:12.847,1.2206,1.22082,2.25,3.00
2012.08.06 20:24:17.955,1.2206,1.22081,2.25,1.13
2012.08.06 20:24:18.142,1.22057,1.22076,1.50,2.48
2012.08.06 20:24:37.943,1.22055,1.22074,1.50,1.50
2012.08.06 20:24:38.008,1.22052,1.22074,3.00,1.50
2012.08.06 20:24:58.115,1.22054,1.22074,1.50,1.50
2012.08.06 20:25:05.336,1.22052,1.2207,1.50,1.50
2012.08.06 20:25:05.402,1.22049,1.2207,2.25,1.50
2012.08.06 20:25:09.728,1.22049,1.2207,1.50,2.48
2012.08.06 20:25:10.033,1.22045,1.22065,1.50,1.50
2012.08.06 20:25:10.580,1.22044,1.22065,2.25,1.50
2012.08.06 20:25:12.587,1.22046,1.22065,1.73,1.50
2012.08.06 20:25:14.013,1.22051,1.22066,1.50,1.50
2012.08.06 20:25:14.103,1.22051,1.2207,1.50,1.50
2012.08.06 20:25:19.199,1.22051,1.2207,2.25,1.50
2012.08.06 20:25:19.504,1.22053,1.2207,1.73,1.50
2012.08.06 20:25:19.570,1.22057,1.22077,1.50,1.50
2012.08.06 20:25:29.332,1.22057,1.22077,3.00,1.50
2012.08.06 20:25:32.980,1.22058,1.22077,1.50,1.50
2012.08.06 20:25:39.887,1.22058,1.22078,1.50,1.50
2012.08.06 20:25:44.200,1.22057,1.22078,3.00,2.59
2012.08.06 20:25:44.509,1.22053,1.22068,1.50,2.25
2012.08.06 20:25:44.576,1.22053,1.22072,1.50,1.50
2012.08.06 20:25:50.898,1.22058,1.22077,1.50,2.25
2012.08.06 20:25:51.439,1.22058,1.22077,1.50,2.25
2012.08.06 20:26:01.303,1.22058,1.22077,1.50,2.25
2012.08.06 20:26:02.271,1.22058,1.22077,3.00,2.25
2012.08.06 20:26:02.339,1.22061,1.22077,1.50,1.50
2012.08.06 20:26:02.407,1.22062,1.22077,2.48,1.50
2012.08.06 20:26:02.653,1.22063,1.22085,1.73,1.50
2012.08.06 20:26:04.429,1.22067,1.22085,1.50,1.50
2012.08.06 20:26:04.495,1.22069,1.22088,1.50,3.00
2012.08.06 20:26:05.539,1.22069,1.22088,1.50,3.00
2012.08.06 20:26:05.614,1.22067,1.22084,1.50,1.50
2012.08.06 20:26:05.680,1.22063,1.22084,1.50,1.50
2012.08.06 20:26:07.339,1.22061,1.2208,2.25,1.50
2012.08.06 20:26:09.814,1.22059,1.2208,2.48,2.25
2012.08.06 20:26:09.966,1.22059,1.2208,1.73,2.25
2012.08.06 20:26:10.031,1.22059,1.2208,2.48,2.25
2012.08.06 20:26:11.311,1.22059,1.2208,2.48,2.25
2012.08.06 20:26:18.122,1.22058,1.22074,3.23,1.50
2012.08.06 20:26:18.250,1.22057,1.22074,1.50,2.25
2012.08.06 20:26:18.839,1.22052,1.22074,3.23,2.25
2012.08.06 20:26:38.226,1.22052,1.22071,2.48,1.50
2012.08.06 20:26:39.438,1.22056,1.22072,1.50,1.50
2012.08.06 20:26:39.749,1.22058,1.22071,1.73,1.50
2012.08.06 20:26:40.059,1.22057,1.22074,3.23,1.50
2012.08.06 20:26:40.126,1.22057,1.22077,3.23,1.50
2012.08.06 20:26:40.624,1.22059,1.22077,1.73,1.50
2012.08.06 20:26:41.446,1.22062,1.22081,2.25,1.50
2012.08.06 20:26:41.698,1.22067,1.22088,1.50,1.50
2012.08.06 20:26:41.887,1.22067,1.22089,1.50,2.25
2012.08.06 20:26:52.584,1.22067,1.22089,1.73,1.50
2012.08.06 20:26:56.137,1.22067,1.22089,1.73,2.25
2012.08.06 20:26:56.675,1.22067,1.22089,2.48,1.50
2012.08.06 20:27:01.870,1.22069,1.22088,1.73,1.50
2012.08.06 20:27:41.809,1.2207,1.22091,1.50,1.50
2012.08.06 20:28:00.277,1.2207,1.22088,2.25,1.50
2012.08.06 20:28:00.650,1.22067,1.22086,1.73,1.50
2012.08.06 20:28:11.631,1.2207,1.22088,2.25,1.50
2012.08.06 20:28:11.696,1.2207,1.22091,2.25,1.50
2012.08.06 20:28:18.663,1.2207,1.22091,1.50,2.25
2012.08.06 20:28:18.848,1.22065,1.22086,1.73,1.50
2012.08.06 20:28:21.216,1.22065,1.22086,1.73,2.25
2012.08.06 20:28:37.387,1.22065,1.22084,1.50,1.50
2012.08.06 20:28:37.583,1.22065,1.22084,1.50,1.50
2012.08.06 20:28:38.860,1.22063,1.22084,3.00,1.50
2012.08.06 20:28:41.261,1.2206,1.22079,3.23,1.50
2012.08.06 20:28:57.281,1.2206,1.22078,2.48,1.50
2012.08.06 20:28:57.352,1.22051,1.22068,1.73,1.50
2012.08.06 20:28:57.482,1.22049,1.22068,1.50,2.25
2012.08.06 20:28:57.548,1.22046,1.22062,1.50,1.50
2012.08.06 20:28:57.616,1.22042,1.22062,3.00,1.50
2012.08.06 20:28:58.510,1.22042,1.22062,3.23,1.50
2012.08.06 20:29:06.679,1.22044,1.22062,1.50,1.50
2012.08.06 20:29:06.806,1.22046,1.22062,1.50,1.50
2012.08.06 20:29:07.341,1.22046,1.22062,2.48,1.50
2012.08.06 20:29:13.353,1.2205,1.22071,1.50,2.25
2012.08.06 20:29:13.966,1.2205,1.22071,1.50,2.25
2012.08.06 20:29:14.885,1.2205,1.22071,1.50,2.25
2012.08.06 20:29:14.951,1.2205,1.22071,1.50,2.25
2012.08.06 20:29:15.315,1.22043,1.22064,1.73,1.50
2012.08.06 20:29:16.061,1.22042,1.22056,1.73,1.50
2012.08.06 20:29:16.202,1.22043,1.22063,2.25,1.50
2012.08.06 20:29:36.076,1.2204,1.22059,4.73,1.50
2012.08.06 20:29:38.099,1.2204,1.22059,1.50,1.50
2012.08.06 20:29:46.493,1.2204,1.22059,1.50,2.25
2012.08.06 20:29:46.676,1.2204,1.22059,3.00,2.25
2012.08.06 20:29:46.800,1.2204,1.22059,3.23,1.50
2012.08.06 20:29:47.346,1.2204,1.22059,1.50,1.50
2012.08.06 20:29:47.541,1.22041,1.22059,1.73,1.50
2012.08.06 20:29:47.665,1.2204,1.22059,1.50,1.50
2012.08.06 20:29:48.833,1.2204,1.22059,3.00,1.50
2012.08.06 20:29:52.409,1.2204,1.22059,3.23,1.50
2012.08.06 20:29:55.593,1.2204,1.22059,3.23,1.50
2012.08.06 20:29:56.098,1.2204,1.22057,1.73,1.50
2012.08.06 20:30:16.093,1.22042,1.22059,2.25,2.25
2012.08.06 20:30:19.906,1.22042,1.22061,2.25,1.50
2012.08.06 20:30:36.429,1.22043,1.22063,1.50,2.25
2012.08.06 20:30:44.170,1.22043,1.22063,1.50,2.25
2012.08.06 20:30:44.413,1.22043,1.22063,1.50,1.50
2012.08.06 20:30:56.197,1.22041,1.22062,1.50,1.50
2012.08.06 20:31:01.434,1.22041,1.22062,2.25,1.50
2012.08.06 20:31:05.212,1.22041,1.22062,2.25,2.25
2012.08.06 20:31:05.512,1.22037,1.22057,1.73,1.50
2012.08.06 20:31:20.343,1.22037,1.22057,2.48,1.50
2012.08.06 20:31:25.409,1.22039,1.22058,1.50,2.25
2012.08.06 20:31:45.475,1.22038,1.22057,3.75,1.50
2012.08.06 20:31:45.542,1.22038,1.22057,1.50,2.25
2012.08.06 20:32:05.535,1.22036,1.22056,3.00,2.25
2012.08.06 20:32:07.620,1.22035,1.22047,1.50,1.50
2012.08.06 20:32:09.246,1.22035,1.22053,1.50,1.50
2012.08.06 20:32:13.347,1.22035,1.22053,2.25,1.50
2012.08.06 20:32:13.474,1.22039,1.22058,1.50,1.50
2012.08.06 20:32:13.541,1.22039,1.22058,1.50,1.50
2012.08.06 20:32:15.400,1.22039,1.22058,1.50,1.50
2012.08.06 20:32:20.050,1.22041,1.22058,1.50,1.50
2012.08.06 20:32:20.366,1.22042,1.22058,1.73,1.50
2012.08.06 20:32:25.614,1.22042,1.22058,2.48,1.50
2012.08.06 20:32:25.679,1.22042,1.22063,3.98,2.25
2012.08.06 20:32:30.542,1.22042,1.22063,3.98,1.50
2012.08.06 20:32:33.074,1.2205,1.22064,1.50,1.50
2012.08.06 20:32:33.200,1.2205,1.2207,2.25,1.73
2012.08.06 20:32:34.179,1.22048,1.22066,2.48,1.50
2012.08.06 20:32:34.428,1.22042,1.22061,1.50,1.50
2012.08.06 20:32:48.458,1.2204,1.22061,2.48,1.50
2012.08.06 20:32:52.837,1.22045,1.22061,1.50,1.50
2012.08.06 20:32:53.078,1.22047,1.22067,1.50,1.50
2012.08.06 20:32:53.323,1.22042,1.22061,1.50,1.50
2012.08.06 20:32:56.046,1.22042,1.22061,3.00,1.50
2012.08.06 20:32:56.173,1.22045,1.22067,1.73,1.50
2012.08.06 20:32:56.241,1.22045,1.22067,1.50,2.25
2012.08.06 20:32:56.367,1.22045,1.22067,2.25,2.25
2012.08.06 20:32:56.492,1.22045,1.22067,1.50,2.25
2012.08.06 20:33:07.426,1.22045,1.22067,1.73,2.25
2012.08.06 20:33:16.097,1.22049,1.2207,1.50,1.50
2012.08.06 20:33:17.293,1.22054,1.22074,1.50,2.25
2012.08.06 20:33:17.836,1.22054,1.22074,1.73,1.50
2012.08.06 20:33:19.306,1.22054,1.22074,2.48,1.50
2012.08.06 20:33:19.431,1.22054,1.22074,1.73,1.50
2012.08.06 20:33:21.377,1.22054,1.22074,2.48,1.50
2012.08.06 20:33:21.519,1.22054,1.22074,1.73,1.50
2012.08.06 20:33:23.249,1.22054,1.22074,2.48,1.50
2012.08.06 20:33:23.491,1.22054,1.22074,1.73,1.50
2012.08.06 20:33:25.261,1.22054,1.22074,1.73,1.50
2012.08.06 20:33:25.443,1.22054,1.22074,1.73,1.50
2012.08.06 20:33:27.221,1.2206,1.22077,2.25,1.50
2012.08.06 20:33:27.524,1.22061,1.2208,1.73,1.50
2012.08.06 20:33:36.887,1.2206,1.2208,1.50,1.50
2012.08.06 20:33:37.190,1.22056,1.22075,1.73,1.50
2012.08.06 20:33:46.803,1.22052,1.22069,1.73,1.50
2012.08.06 20:33:46.929,1.22051,1.22069,1.50,1.50
2012.08.06 20:33:58.715,1.2205,1.22069,1.73,1.50
2012.08.06 20:34:06.697,1.2205,1.2207,2.48,1.50
2012.08.06 20:34:07.992,1.22048,1.22065,1.50,1.50
2012.08.06 20:34:10.161,1.22048,1.22065,1.50,2.25
2012.08.06 20:34:10.289,1.22044,1.22065,2.48,3.00
2012.08.06 20:34:10.356,1.22044,1.22063,1.50,1.50
2012.08.06 20:34:10.423,1.22037,1.22054,1.73,1.50
2012.08.06 20:34:11.190,1.22038,1.2206,2.48,1.50
2012.08.06 20:34:14.450,1.22038,1.2206,1.50,1.50
2012.08.06 20:34:17.743,1.22033,1.22054,2.48,1.50
2012.08.06 20:34:29.616,1.22033,1.22054,2.48,1.50
2012.08.06 20:34:30.137,1.22039,1.22058,1.73,1.50
2012.08.06 20:34:33.148,1.22043,1.2206,1.50,1.50
2012.08.06 20:34:33.390,1.22043,1.22064,1.50,1.50
2012.08.06 20:34:49.007,1.22043,1.22064,1.50,2.25
2012.08.06 20:34:49.255,1.22037,1.22053,1.73,1.50
2012.08.06 20:34:49.527,1.22037,1.22058,3.23,1.50
2012.08.06 20:34:58.190,1.22037,1.22058,1.73,2.25
2012.08.06 20:34:58.259,1.22037,1.22054,1.50,1.73
2012.08.06 20:34:58.325,1.22028,1.22048,2.48,1.50
2012.08.06 20:34:58.390,1.22028,1.22048,2.48,1.50
2012.08.06 20:35:00.629,1.22028,1.22048,1.73,1.50
2012.08.06 20:35:02.498,1.22033,1.2205,1.50,1.50
2012.08.06 20:35:02.563,1.22033,1.22054,1.50,3.00
2012.08.06 20:35:03.374,1.22033,1.22054,1.50,2.25
2012.08.06 20:35:03.501,1.22028,1.22049,1.73,1.50
2012.08.06 20:35:12.808,1.22028,1.22049,1.50,1.50
2012.08.06 20:35:23.530,1.22027,1.22048,1.50,1.50
2012.08.06 20:35:25.107,1.22031,1.2205,1.50,1.50
2012.08.06 20:35:25.841,1.22031,1.22052,1.50,1.50
2012.08.06 20:35:27.704,1.22031,1.22052,1.50,1.73
2012.08.06 20:35:28.234,1.22031,1.22051,1.50,1.73
2012.08.06 20:35:28.861,1.22031,1.22052,1.50,1.50
2012.08.06 20:35:29.579,1.22031,1.22052,1.50,1.50
2012.08.06 20:35:29.761,1.22035,1.22052,1.50,1.50
2012.08.06 20:35:30.119,1.22037,1.22052,1.50,1.50
2012.08.06 20:35:49.959,1.22034,1.22053,1.50,1.50
2012.08.06 20:35:50.460,1.22034,1.22053,1.50,1.50
2012.08.06 20:35:51.153,1.22034,1.22053,1.50,1.50
2012.08.06 20:35:55.293,1.22034,1.22054,1.50,1.73
2012.08.06 20:35:57.041,1.22034,1.22054,2.25,1.50
2012.08.06 20:35:57.624,1.22034,1.22054,2.25,1.50
2012.08.06 20:35:57.867,1.22034,1.22053,1.50,1.50
2012.08.06 20:35:59.106,1.22032,1.22051,1.50,2.25
2012.08.06 20:35:59.172,1.2203,1.22051,1.50,2.25
2012.08.06 20:36:15.993,1.2203,1.22051,2.48,1.50
2012.08.06 20:36:16.117,1.2203,1.22051,1.50,1.50
2012.08.06 20:36:19.158,1.22031,1.22053,1.50,1.50
2012.08.06 20:36:38.900,1.22031,1.22053,1.50,3.23
2012.08.06 20:36:39.415,1.22031,1.2205,1.50,2.25
2012.08.06 20:36:40.957,1.22031,1.2205,1.50,2.25
2012.08.06 20:36:41.759,1.22031,1.2205,1.50,1.73
2012.08.06 20:36:47.721,1.22031,1.2205,1.50,2.25
2012.08.06 20:36:47.904,1.22031,1.2205,1.50,2.48
2012.08.06 20:36:47.973,1.22029,1.22046,1.50,1.73
2012.08.06 20:36:48.041,1.22029,1.22046,1.50,1.50
2012.08.06 20:36:48.108,1.22025,1.22046,2.25,1.50
2012.08.06 20:36:52.826,1.22032,1.22051,1.50,3.00
2012.08.06 20:37:06.726,1.22032,1.22051,1.50,2.25
2012.08.06 20:37:07.597,1.22032,1.22051,2.25,1.50
2012.08.06 20:37:11.991,1.22038,1.22056,1.50,2.25
2012.08.06 20:37:12.491,1.22044,1.22061,1.50,1.50
2012.08.06 20:37:12.559,1.22044,1.22061,1.50,1.50
2012.08.06 20:37:16.528,1.22041,1.2206,1.50,1.73
2012.08.06 20:37:17.072,1.22041,1.22061,2.25,1.73
2012.08.06 20:37:18.557,1.22041,1.22063,2.25,3.23
2012.08.06 20:37:20.988,1.22041,1.22062,2.25,1.73
2012.08.06 20:37:21.575,1.22041,1.22061,1.50,1.73
2012.08.06 20:37:22.111,1.22041,1.22061,2.25,1.50
2012.08.06 20:37:22.298,1.22041,1.22063,2.25,3.98
2012.08.06 20:37:22.424,1.22041,1.22063,2.25,3.23
2012.08.06 20:37:23.103,1.22048,1.22067,1.50,1.50
2012.08.06 20:37:23.317,1.22046,1.2206,1.50,1.50
2012.08.06 20:37:23.442,1.22042,1.2206,1.73,1.50
2012.08.06 20:37:24.814,1.22041,1.2206,1.73,1.50
2012.08.06 20:37:24.880,1.22041,1.2206,1.73,1.50
2012.08.06 20:37:28.467,1.22038,1.22055,1.73,1.50
2012.08.06 20:37:28.539,1.22037,1.22055,1.73,1.50
2012.08.06 20:38:08.437,1.22037,1.22058,2.48,3.00
2012.08.06 20:38:09.333,1.22044,1.22063,1.50,1.73
2012.08.06 20:38:22.283,1.22044,1.22057,1.50,1.50
2012.08.06 20:38:22.357,1.22034,1.22055,3.23,1.50
2012.08.06 20:38:24.968,1.2204,1.22059,1.73,1.50
2012.08.06 20:38:31.201,1.2204,1.22056,1.73,1.50
2012.08.06 20:38:31.555,1.22036,1.22054,1.73,1.50
2012.08.06 20:38:33.329,1.22029,1.22047,1.73,1.50
2012.08.06 20:38:33.396,1.22029,1.22047,1.73,1.50
2012.08.06 20:38:33.523,1.22029,1.22047,1.73,1.50
2012.08.06 20:38:33.591,1.22028,1.22047,2.48,1.50
2012.08.06 20:38:33.662,1.22028,1.22047,2.48,1.50
2012.08.06 20:38:41.244,1.22028,1.22047,2.25,1.50
2012.08.06 20:38:54.626,1.22029,1.22047,1.50,1.50
2012.08.06 20:39:12.392,1.2203,1.22044,1.50,1.50
2012.08.06 20:39:13.094,1.22028,1.22043,1.50,1.50
2012.08.06 20:39:14.403,1.22022,1.22043,3.00,2.25
2012.08.06 20:39:15.425,1.22022,1.22043,1.50,2.25
2012.08.06 20:39:15.552,1.22021,1.22036,1.50,1.50
2012.08.06 20:39:16.087,1.22018,1.22036,1.73,1.50
2012.08.06 20:39:16.417,1.22017,1.22036,2.48,1.50
2012.08.06 20:39:17.527,1.22017,1.22036,1.73,1.50
2012.08.06 20:39:23.234,1.22017,1.22036,1.50,2.25
2012.08.06 20:39:23.542,1.2201,1.22026,2.48,1.50
2012.08.06 20:39:23.669,1.22007,1.22024,1.50,1.50
2012.08.06 20:39:23.854,1.22005,1.22024,1.50,1.50
2012.08.06 20:39:24.247,1.22004,1.22024,1.73,1.50
2012.08.06 20:39:24.433,1.22004,1.22023,1.50,1.73
2012.08.06 20:39:25.210,1.22004,1.22023,1.50,2.07
2012.08.06 20:39:25.630,1.21986,1.22004,1.73,1.50
2012.08.06 20:39:25.937,1.21989,1.22004,1.50,1.50
2012.08.06 20:39:26.301,1.21985,1.22004,1.50,1.50
2012.08.06 20:39:26.369,1.21985,1.21999,1.50,1.50
2012.08.06 20:39:26.495,1.21983,1.21999,1.50,1.50
2012.08.06 20:39:27.048,1.21982,1.21999,1.73,1.50
2012.08.06 20:39:27.556,1.21981,1.21999,1.50,1.50
2012.08.06 20:39:27.622,1.21979,1.21999,3.23,1.50
2012.08.06 20:39:27.871,1.21991,1.22002,1.50,1.50
2012.08.06 20:39:27.998,1.21991,1.22012,1.50,2.25
2012.08.06 20:39:28.421,1.21994,1.22012,1.50,1.50
2012.08.06 20:39:28.670,1.21995,1.22017,2.48,1.50
2012.08.06 20:39:29.178,1.21996,1.22017,1.50,1.50
2012.08.06 20:39:29.487,1.22001,1.22017,1.50,1.50
2012.08.06 20:39:29.553,1.22003,1.22022,1.50,3.23
2012.08.06 20:39:31.599,1.22003,1.22021,1.50,1.73
2012.08.06 20:39:32.128,1.22003,1.22022,1.50,2.48
2012.08.06 20:39:34.090,1.22007,1.22022,1.50,1.73
2012.08.06 20:39:34.156,1.22008,1.22029,1.50,2.48
2012.08.06 20:39:37.020,1.22008,1.22029,2.25,2.48
2012.08.06 20:39:37.212,1.22013,1.22034,1.50,1.50
2012.08.06 20:39:37.339,1.22015,1.22035,1.73,1.50
2012.08.06 20:39:37.415,1.22015,1.2204,2.48,2.25
2012.08.06 20:39:37.482,1.22015,1.2204,3.23,1.50
2012.08.06 20:39:37.845,1.22017,1.2204,1.50,1.50
2012.08.06 20:39:37.970,1.22018,1.22045,2.25,1.50
2012.08.06 20:39:38.428,1.22016,1.2204,3.23,1.50
2012.08.06 20:39:42.861,1.22019,1.22045,2.25,2.25
2012.08.06 20:39:43.044,1.22019,1.22045,2.25,3.00
2012.08.06 20:39:44.847,1.22024,1.22045,1.50,1.50
2012.08.06 20:39:45.154,1.22029,1.22051,1.50,1.50
2012.08.06 20:39:45.829,1.22029,1.22051,2.25,1.50
2012.08.06 20:39:46.241,1.2203,1.22056,1.50,2.48
2012.08.06 20:39:46.310,1.22034,1.22058,1.73,1.50
2012.08.06 20:39:46.436,1.22031,1.2206,1.73,1.73
2012.08.06 20:39:46.769,1.22034,1.2206,1.73,1.73
2012.08.06 20:39:46.953,1.22034,1.22061,1.73,1.73
2012.08.06 20:39:47.530,1.22034,1.22061,1.73,1.73
2012.08.06 20:39:50.029,1.22034,1.2206,1.73,1.73
2012.08.06 20:39:52.453,1.22034,1.22062,2.48,3.98
2012.08.06 20:39:54.560,1.22034,1.2206,2.48,1.73
2012.08.06 20:39:57.121,1.22034,1.2206,2.48,1.73
2012.08.06 20:40:02.966,1.22036,1.22062,1.50,2.48
2012.08.06 20:40:06.229,1.22037,1.22062,1.50,2.48
2012.08.06 20:40:09.095,1.22036,1.22062,1.50,2.48
2012.08.06 20:40:09.160,1.22036,1.22057,1.50,1.50
2012.08.06 20:40:16.698,1.22037,1.22057,1.50,1.50
2012.08.06 20:40:16.821,1.22035,1.22057,1.50,1.50
2012.08.06 20:40:17.090,1.22037,1.22057,1.50,1.50
2012.08.06 20:40:22.225,1.22037,1.22057,1.50,1.50
2012.08.06 20:40:26.238,1.22037,1.22061,1.50,2.48
2012.08.06 20:40:26.555,1.22036,1.22061,3.00,2.48
2012.08.06 20:40:28.053,1.22036,1.22055,1.50,1.50
2012.08.06 20:40:30.116,1.22036,1.22056,1.50,1.50
2012.08.06 20:40:30.181,1.22036,1.2206,1.50,2.48
2012.08.06 20:40:31.423,1.22035,1.2206,1.50,2.48
2012.08.06 20:40:35.278,1.22036,1.2206,2.25,2.48
2012.08.06 20:40:43.128,1.22037,1.2206,1.50,2.48
2012.08.06 20:40:43.424,1.22036,1.2206,2.25,2.48
2012.08.06 20:40:43.546,1.22037,1.2206,1.50,2.48
2012.08.06 20:40:47.088,1.22037,1.2206,1.50,2.48
2012.08.06 20:40:58.366,1.22037,1.22062,2.25,2.48
2012.08.06 20:41:01.892,1.22039,1.22062,1.50,3.23
2012.08.06 20:41:07.419,1.22037,1.22062,1.50,3.23
2012.08.06 20:41:17.079,1.22037,1.22061,1.50,1.73
2012.08.06 20:41:24.342,1.22036,1.22058,1.50,1.50
2012.08.06 20:41:31.403,1.22037,1.22058,1.50,1.50
2012.08.06 20:41:33.908,1.22036,1.22058,2.25,1.50
2012.08.06 20:41:37.331,1.22037,1.22058,1.50,1.50
2012.08.06 20:41:37.864,1.22037,1.22058,1.50,1.50
2012.08.06 20:41:44.290,1.22038,1.22061,1.50,2.48
2012.08.06 20:41:48.220,1.22038,1.22061,1.50,2.48
2012.08.06 20:41:48.343,1.22039,1.22061,1.50,1.73
2012.08.06 20:41:51.890,1.22041,1.22061,1.50,1.73
2012.08.06 20:42:02.772,1.22042,1.22061,1.50,1.50
2012.08.06 20:42:21.656,1.22037,1.22061,1.50,1.73
2012.08.06 20:43:00.588,1.22037,1.22061,2.25,1.73
2012.08.06 20:43:05.143,1.22041,1.22061,1.50,1.73
2012.08.06 20:43:05.764,1.22041,1.22061,1.50,1.50
2012.08.06 20:43:24.152,1.22037,1.2206,1.50,1.35
2012.08.06 20:43:24.338,1.22037,1.22056,1.50,1.50
2012.08.06 20:43:24.403,1.22034,1.22059,1.73,1.50
2012.08.06 20:43:24.595,1.22034,1.22059,1.73,2.18
2012.08.06 20:43:25.157,1.22034,1.22059,1.73,2.18
2012.08.06 20:43:30.588,1.22034,1.22059,1.73,2.93
2012.08.06 20:43:33.251,1.22037,1.22059,1.50,2.93
2012.08.06 20:43:34.418,1.22037,1.22059,1.50,2.25
2012.08.06 20:43:39.173,1.22037,1.22059,1.50,1.50
2012.08.06 20:43:44.363,1.22037,1.22061,1.50,1.84
2012.08.06 20:43:45.802,1.22034,1.22061,2.48,1.84
2012.08.06 20:43:55.473,1.22036,1.22061,1.50,1.84
2012.08.06 20:43:57.665,1.22034,1.22061,2.48,2.59
2012.08.06 20:43:57.849,1.22034,1.22061,2.48,1.84
2012.08.06 20:44:00.283,1.22034,1.22056,1.73,1.50
2012.08.06 20:44:01.179,1.22035,1.22059,1.50,2.25
2012.08.06 20:44:01.245,1.22035,1.22062,1.50,3.23
2012.08.06 20:44:23.293,1.22035,1.22062,1.50,2.48
2012.08.06 20:44:23.422,1.22037,1.22062,1.73,1.50
2012.08.06 20:44:23.754,1.22037,1.22064,2.48,1.05
2012.08.06 20:44:24.371,1.22037,1.22064,1.73,1.35
2012.08.06 20:44:24.878,1.22037,1.22065,1.73,1.50
2012.08.06 20:44:32.288,1.22037,1.22066,1.73,3.23
2012.08.06 20:44:32.353,1.22037,1.22066,1.73,3.23
2012.08.06 20:44:35.043,1.22037,1.22061,1.73,1.50
2012.08.06 20:44:35.357,1.22037,1.22061,1.73,2.25
2012.08.06 20:44:35.658,1.22037,1.22061,1.73,1.50
2012.08.06 20:44:52.567,1.22037,1.22064,1.73,2.25
2012.08.06 20:44:53.491,1.22037,1.22064,1.73,2.25
2012.08.06 20:44:53.559,1.22037,1.22064,1.50,2.48
2012.08.06 20:45:05.113,1.22032,1.2206,1.73,3.75
2012.08.06 20:45:11.723,1.22032,1.22055,1.73,1.50
2012.08.06 20:45:11.849,1.22029,1.22053,1.73,1.50
2012.08.06 20:45:11.916,1.22027,1.22053,1.50,2.48
2012.08.06 20:45:11.981,1.22027,1.22053,1.50,2.48
2012.08.06 20:45:23.919,1.22025,1.22048,2.25,1.50
2012.08.06 20:45:24.162,1.22025,1.22048,1.50,2.25
2012.08.06 20:45:27.305,1.22025,1.22047,1.50,1.13
2012.08.06 20:45:27.616,1.22024,1.22032,2.70,2.44
2012.08.06 20:45:27.922,1.22013,1.22028,5.59,5.25
2012.08.06 20:45:31.866,1.22013,1.22029,3.13,4.73
2012.08.06 20:45:31.933,1.22013,1.22037,3.13,1.88
2012.08.06 20:45:33.007,1.22013,1.22037,3.40,1.50
2012.08.06 20:45:36.305,1.22013,1.22037,3.42,1.50
2012.08.06 20:45:36.905,1.22017,1.22041,1.29,1.50
2012.08.06 20:45:36.970,1.22017,1.22041,1.29,1.50
2012.08.06 20:45:37.695,1.22022,1.22043,1.02,1.50
2012.08.06 20:45:38.298,1.22024,1.22043,1.02,1.50
2012.08.06 20:45:41.323,1.22024,1.22044,1.02,1.50
2012.08.06 20:45:46.360,1.22023,1.22049,1.02,3.23
2012.08.06 20:45:46.543,1.22023,1.22049,1.02,1.50
2012.08.06 20:45:51.341,1.22023,1.22049,1.02,1.50
2012.08.06 20:46:01.076,1.22024,1.22049,1.02,1.50
2012.08.06 20:46:01.659,1.22024,1.22049,1.02,1.50
2012.08.06 20:46:31.106,1.22023,1.22049,1.02,1.50
2012.08.06 20:46:51.399,1.22026,1.22052,1.50,6.98
2012.08.06 20:46:59.986,1.22026,1.22052,1.50,1.73
2012.08.06 20:47:06.058,1.22024,1.22049,2.25,1.73
2012.08.06 20:47:06.122,1.22024,1.22049,2.25,1.73
2012.08.06 20:47:21.458,1.22024,1.22049,2.52,6.23
2012.08.06 20:47:29.117,1.22024,1.22048,1.02,1.73
2012.08.06 20:47:29.182,1.22022,1.22048,1.02,1.73
2012.08.06 20:47:35.229,1.22022,1.22048,1.02,6.23
2012.08.06 20:47:38.045,1.22023,1.22048,1.02,6.98
2012.08.06 20:47:49.207,1.22024,1.22046,1.02,6.23
2012.08.06 20:48:19.120,1.22023,1.22048,1.02,1.73
2012.08.06 20:48:21.389,1.22023,1.22048,1.02,6.23
2012.08.06 20:49:38.313,1.22022,1.22047,1.02,1.73
2012.08.06 20:49:45.270,1.22022,1.22047,1.02,1.73
2012.08.06 20:49:45.470,1.22023,1.22049,1.02,1.17
2012.08.06 20:49:47.286,1.22025,1.22051,1.50,6.23
2012.08.06 20:49:59.112,1.22027,1.22051,1.50,6.00
2012.08.06 20:49:59.663,1.22026,1.22051,2.25,6.23
2012.08.06 20:50:00.312,1.22026,1.22051,2.25,6.23
2012.08.06 20:50:02.642,1.22026,1.22051,2.25,6.23
2012.08.06 20:50:03.926,1.22026,1.22051,1.50,6.23
2012.08.06 20:50:14.544,1.22026,1.22051,2.25,6.23
2012.08.06 20:50:17.481,1.22026,1.22051,2.25,6.23
2012.08.06 20:50:17.606,1.22027,1.22052,1.50,1.50
2012.08.06 20:50:17.909,1.22032,1.2206,2.25,3.00
2012.08.06 20:50:18.096,1.22037,1.2206,2.25,1.50
2012.08.06 20:50:18.221,1.22037,1.22063,2.25,1.73
2012.08.06 20:50:18.935,1.22037,1.22063,2.25,1.73
2012.08.06 20:50:19.180,1.22037,1.22063,1.50,1.73
2012.08.06 20:50:21.874,1.22037,1.22061,1.50,5.48
2012.08.06 20:50:22.058,1.22032,1.22061,1.50,6.23
2012.08.06 20:50:31.253,1.22032,1.22061,1.50,1.73
2012.08.06 20:50:31.379,1.22031,1.22056,3.00,1.50
2012.08.06 20:50:31.663,1.22031,1.2206,3.00,1.73
2012.08.06 20:50:32.533,1.22031,1.2206,3.00,1.73
2012.08.06 20:50:41.424,1.22031,1.22058,2.25,1.50
2012.08.06 20:50:41.904,1.22034,1.22058,1.50,1.50
2012.08.06 20:50:42.526,1.22035,1.22058,1.50,1.50
2012.08.06 20:51:01.908,1.22037,1.22059,1.50,1.50
2012.08.06 20:51:16.671,1.22037,1.22061,1.50,1.50
2012.08.06 20:51:16.738,1.22037,1.22061,2.25,1.50
2012.08.06 20:51:17.465,1.22042,1.22066,1.50,1.50
2012.08.06 20:51:20.008,1.22046,1.22066,1.50,1.50
2012.08.06 20:51:20.587,1.22041,1.22066,1.50,1.50
2012.08.06 20:51:21.405,1.22041,1.22066,1.50,1.50
2012.08.06 20:51:23.026,1.22042,1.22066,2.25,1.50
2012.08.06 20:51:25.052,1.22045,1.22066,1.50,1.50
2012.08.06 20:51:25.385,1.22042,1.22066,2.25,1.50
2012.08.06 20:51:26.815,1.22043,1.22066,1.88,1.50
2012.08.06 20:51:26.882,1.22051,1.22068,1.50,1.50
2012.08.06 20:51:26.949,1.22057,1.22074,1.50,2.25
2012.08.06 20:51:27.133,1.22057,1.22074,1.50,1.50
2012.08.06 20:51:27.318,1.22057,1.22078,1.50,1.50
2012.08.06 20:51:32.914,1.22055,1.22078,2.25,1.50
2012.08.06 20:51:36.392,1.22055,1.22079,1.50,1.50
2012.08.06 20:51:37.206,1.22055,1.22079,1.50,1.50
2012.08.06 20:51:40.991,1.22055,1.22079,2.25,1.50
2012.08.06 20:51:43.524,1.22055,1.22079,2.25,1.50
2012.08.06 20:51:44.862,1.22055,1.22079,2.25,1.50
2012.08.06 20:51:44.986,1.22055,1.22079,2.25,1.50
2012.08.06 20:51:45.511,1.22055,1.22078,1.50,1.50
2012.08.06 20:51:51.325,1.22055,1.22078,1.50,1.50
2012.08.06 20:51:59.553,1.22049,1.22078,3.00,1.50
2012.08.06 20:52:00.813,1.22052,1.22078,2.25,1.50
2012.08.06 20:52:10.176,1.22054,1.22082,2.25,1.05
2012.08.06 20:52:11.873,1.22056,1.22083,1.50,2.85
2012.08.06 20:52:11.996,1.22056,1.22081,1.50,1.05
2012.08.06 20:52:23.965,1.22056,1.22082,1.50,1.35
2012.08.06 20:52:25.275,1.22055,1.22081,1.50,1.05
2012.08.06 20:52:27.349,1.2206,1.22082,1.50,1.05
2012.08.06 20:52:32.290,1.2206,1.22084,1.50,1.35
2012.08.06 20:52:42.682,1.2206,1.22086,2.25,2.10
2012.08.06 20:52:42.806,1.22062,1.22086,1.50,1.50
2012.08.06 20:52:42.870,1.22062,1.22086,1.50,1.50
2012.08.06 20:52:43.479,1.22062,1.22087,1.50,1.50
2012.08.06 20:52:43.606,1.22062,1.2209,2.25,1.43
2012.08.06 20:52:43.731,1.22064,1.22092,1.50,2.25
2012.08.06 20:52:43.914,1.22064,1.22092,1.50,1.50
2012.08.06 20:52:44.528,1.22066,1.22093,2.25,1.50
2012.08.06 20:52:46.347,1.22066,1.22093,2.25,2.25
2012.08.06 20:52:46.472,1.22062,1.2209,1.50,1.50
2012.08.06 20:52:47.316,1.22062,1.2209,1.50,1.50
2012.08.06 20:52:51.216,1.22066,1.2209,1.50,1.50
2012.08.06 20:52:54.918,1.22066,1.22087,1.50,1.50
2012.08.06 20:52:55.043,1.22066,1.22093,1.50,1.50
2012.08.06 20:52:55.401,1.22067,1.22093,1.50,1.50
2012.08.06 20:52:58.902,1.22067,1.22093,1.50,1.50
2012.08.06 20:53:03.235,1.22067,1.22093,1.50,3.75
2012.08.06 20:53:03.909,1.22067,1.22093,1.50,3.75
2012.08.06 20:53:09.368,1.22067,1.22092,1.50,1.50
2012.08.06 20:53:10.026,1.22067,1.2209,1.50,1.50
2012.08.06 20:53:11.288,1.22067,1.2209,1.50,1.50
2012.08.06 20:53:13.626,1.22064,1.22091,1.50,1.50
2012.08.06 20:53:15.392,1.22069,1.22093,1.50,3.00
2012.08.06 20:53:15.457,1.22069,1.22093,1.50,3.00
2012.08.06 20:53:15.523,1.22069,1.22093,1.50,1.50
2012.08.06 20:53:15.705,1.22068,1.22093,1.50,2.25
2012.08.06 20:53:16.708,1.22067,1.22093,1.50,2.25
2012.08.06 20:53:17.329,1.22068,1.22093,1.50,2.25
2012.08.06 20:53:18.239,1.22068,1.22093,1.50,2.25
2012.08.06 20:53:19.770,1.22068,1.22093,1.50,2.25
2012.08.06 20:53:24.347,1.2207,1.22097,1.50,2.25
2012.08.06 20:53:24.471,1.2207,1.22097,1.50,1.50
2012.08.06 20:53:27.691,1.22071,1.22098,1.50,1.50
2012.08.06 20:53:28.232,1.2207,1.22097,1.50,1.50
2012.08.06 20:53:28.356,1.22067,1.22095,3.00,1.50
2012.08.06 20:53:29.324,1.22067,1.22093,3.00,1.50
2012.08.06 20:53:34.795,1.22067,1.22093,3.00,1.50
2012.08.06 20:53:34.977,1.22071,1.22097,1.50,1.50
2012.08.06 20:53:35.220,1.22072,1.22099,3.00,1.50
2012.08.06 20:53:35.286,1.22072,1.22099,3.00,1.50
2012.08.06 20:53:35.534,1.22076,1.22101,1.50,1.80
2012.08.06 20:53:37.320,1.22076,1.22101,1.50,1.80
2012.08.06 20:53:38.760,1.22076,1.221,1.50,1.80
2012.08.06 20:53:39.313,1.22072,1.22099,3.75,1.50
2012.08.06 20:53:39.968,1.22072,1.22098,3.00,1.50
2012.08.06 20:53:40.033,1.22072,1.22098,3.00,1.50
2012.08.06 20:53:42.255,1.22067,1.22097,3.98,1.50
2012.08.06 20:53:42.321,1.22067,1.22096,3.00,1.50
2012.08.06 20:53:45.815,1.22067,1.22094,3.00,1.50
2012.08.06 20:53:46.157,1.22067,1.22096,3.75,2.25
2012.08.06 20:53:46.485,1.22069,1.22097,1.50,1.50
2012.08.06 20:53:59.509,1.22069,1.22097,1.50,1.50
2012.08.06 20:54:04.819,1.2207,1.22097,1.50,1.50
2012.08.06 20:54:18.762,1.22069,1.22097,2.25,2.25
2012.08.06 20:54:19.309,1.22069,1.22097,2.25,2.25
2012.08.06 20:54:21.267,1.22072,1.22097,1.50,2.25
2012.08.06 20:54:21.332,1.22073,1.22097,1.50,2.25
2012.08.06 20:54:21.576,1.22072,1.22097,1.50,2.25
2012.08.06 20:54:28.451,1.22073,1.22097,1.50,2.25
2012.08.06 20:54:30.476,1.22069,1.22096,1.50,1.50
2012.08.06 20:54:30.541,1.22069,1.22095,1.50,1.50
2012.08.06 20:54:37.080,1.22069,1.22094,1.50,1.50
2012.08.06 20:54:37.761,1.22068,1.22093,1.50,1.50
2012.08.06 20:54:39.585,1.22068,1.22093,1.50,1.50
2012.08.06 20:54:39.927,1.22068,1.22093,1.50,1.50
2012.08.06 20:54:39.999,1.22068,1.22093,1.50,1.50
2012.08.06 20:54:42.205,1.22068,1.22093,1.50,1.50
2012.08.06 20:54:45.329,1.2207,1.22094,1.50,1.50
2012.08.06 20:54:45.394,1.2207,1.22094,1.50,1.50
2012.08.06 20:54:45.576,1.22072,1.22096,3.00,1.50
2012.08.06 20:54:55.399,1.22076,1.22096,1.50,1.50
2012.08.06 20:54:58.414,1.22076,1.22097,1.50,1.50
2012.08.06 20:55:10.136,1.22072,1.22096,1.50,1.50
2012.08.06 20:55:13.099,1.22072,1.22096,1.50,1.50
2012.08.06 20:55:16.601,1.22072,1.22096,1.50,1.50
2012.08.06 20:55:17.354,1.22072,1.22097,1.50,1.50
2012.08.06 20:55:18.805,1.22072,1.22098,1.50,2.25
2012.08.06 20:55:21.731,1.22072,1.22098,1.50,2.25
2012.08.06 20:55:29.274,1.22072,1.22098,1.50,2.25
2012.08.06 20:55:32.107,1.22072,1.22098,1.50,2.25
2012.08.06 20:55:38.098,1.22072,1.22098,1.50,1.50
2012.08.06 20:55:43.914,1.22075,1.22098,1.50,1.50
2012.08.06 20:55:44.523,1.22072,1.22097,1.50,1.50
2012.08.06 20:55:45.267,1.22072,1.22097,1.50,1.50
2012.08.06 20:56:11.566,1.22076,1.22097,1.50,2.25
2012.08.06 20:56:11.687,1.22076,1.22097,1.50,2.25
2012.08.06 20:56:14.585,1.22076,1.22097,1.50,1.50
2012.08.06 20:56:14.765,1.2208,1.22101,1.50,1.50
2012.08.06 20:56:15.041,1.2208,1.22102,1.50,2.25
2012.08.06 20:56:29.568,1.2208,1.22101,1.50,1.50
2012.08.06 20:56:31.327,1.2208,1.22102,1.50,1.50
2012.08.06 20:56:44.143,1.22081,1.22102,1.50,1.50
2012.08.06 20:56:45.020,1.22081,1.22102,1.50,1.50
2012.08.06 20:56:47.338,1.22076,1.22102,1.50,1.50
2012.08.06 20:56:50.886,1.22081,1.22102,1.50,1.50
2012.08.06 20:56:52.563,1.22079,1.22102,1.50,1.50
2012.08.06 20:56:56.043,1.22081,1.22103,1.50,2.25
2012.08.06 20:56:58.354,1.22081,1.22102,1.50,1.50
2012.08.06 20:57:16.704,1.22081,1.22103,1.50,1.50
2012.08.06 20:57:21.687,1.22081,1.22102,1.50,1.50
2012.08.06 20:57:22.871,1.22077,1.22102,1.50,1.50
2012.08.06 20:57:26.656,1.22077,1.22101,1.50,1.50
2012.08.06 20:57:30.496,1.22074,1.22101,3.00,2.25
2012.08.06 20:57:30.617,1.22077,1.22101,1.50,1.50
2012.08.06 20:57:31.158,1.22077,1.22101,1.50,1.50
2012.08.06 20:57:36.996,1.22077,1.22099,1.50,1.50
2012.08.06 20:57:42.040,1.22072,1.22098,1.50,2.25
2012.08.06 20:57:42.461,1.22078,1.22102,1.50,2.25
2012.08.06 20:57:42.584,1.22077,1.22103,1.50,2.25
2012.08.06 20:57:42.823,1.22086,1.2211,1.50,1.50
2012.08.06 20:57:43.140,1.22087,1.2211,1.50,1.50
2012.08.06 20:57:44.157,1.22088,1.2211,1.50,1.50
2012.08.06 20:57:44.701,1.2208,1.2211,2.25,1.50
2012.08.06 20:57:46.034,1.22083,1.22111,1.50,1.50
2012.08.06 20:57:46.743,1.22084,1.22114,1.50,1.50
2012.08.06 20:57:51.463,1.22084,1.22114,1.50,1.50
2012.08.06 20:57:51.806,1.22082,1.22113,2.48,1.50
2012.08.06 20:57:51.986,1.2208,1.2211,3.75,1.50
2012.08.06 20:57:54.341,1.2208,1.2211,3.00,2.25
2012.08.06 20:58:00.710,1.2208,1.2211,3.23,1.50
2012.08.06 20:58:00.774,1.2208,1.2211,3.23,1.50
2012.08.06 20:58:01.207,1.2208,1.2211,3.98,1.50
2012.08.06 20:58:01.380,1.2208,1.2211,3.23,1.50
2012.08.06 20:58:02.183,1.2208,1.2211,2.48,2.25
2012.08.06 20:58:03.506,1.2208,1.2211,3.75,2.25
2012.08.06 20:58:03.577,1.2208,1.2211,3.00,2.25
2012.08.06 20:58:06.311,1.2208,1.2211,3.75,2.25
2012.08.06 20:58:06.428,1.2208,1.22109,3.00,1.50
2012.08.06 20:58:14.394,1.22081,1.22111,1.50,1.50
2012.08.06 20:58:14.809,1.2208,1.2211,1.50,1.50
2012.08.06 20:58:15.079,1.2208,1.2211,1.50,1.50
2012.08.06 20:58:15.143,1.2208,1.2211,1.50,1.50
2012.08.06 20:58:15.789,1.2208,1.2211,1.50,1.50
2012.08.06 20:58:16.991,1.22078,1.22108,1.73,1.50
2012.08.06 20:58:20.370,1.22078,1.22108,1.73,1.50
2012.08.06 20:58:21.843,1.22078,1.22107,1.73,1.50
2012.08.06 20:58:26.140,1.22079,1.22107,1.73,1.50
2012.08.06 20:58:29.041,1.2208,1.22107,1.50,1.50
2012.08.06 20:58:34.608,1.22076,1.22104,1.73,1.50
2012.08.06 20:58:43.806,1.22075,1.22107,1.73,1.50
2012.08.06 20:58:44.353,1.22075,1.22106,1.73,1.50
2012.08.06 20:58:44.719,1.22076,1.22107,1.73,1.50
2012.08.06 20:58:47.127,1.22076,1.22109,1.73,1.50
2012.08.06 20:58:47.472,1.22071,1.22107,2.48,1.50
2012.08.06 20:58:47.922,1.22071,1.22104,1.73,1.50
2012.08.06 20:58:51.308,1.22071,1.22104,1.73,1.50
2012.08.06 20:58:52.663,1.22065,1.22093,2.48,1.50
2012.08.06 20:58:52.898,1.22071,1.22099,1.73,1.50
2012.08.06 20:58:53.128,1.22071,1.22105,2.48,2.25
2012.08.06 20:58:53.273,1.22071,1.22105,2.48,2.25
2012.08.06 20:58:53.992,1.22072,1.22108,1.50,1.50
2012.08.06 20:58:54.055,1.22073,1.22108,1.50,1.50
2012.08.06 20:58:54.513,1.2207,1.22106,1.73,1.50
2012.08.06 20:58:56.404,1.22067,1.22104,1.50,2.25
2012.08.06 20:58:56.942,1.22063,1.22101,1.73,1.50
2012.08.06 20:58:57.758,1.22062,1.221,3.23,1.50
2012.08.06 20:59:00.293,1.22067,1.22097,0.75,0.75
2012.08.06 20:59:00.352,1.22067,1.221,0.75,0.75
2012.08.06 20:59:01.360,1.22064,1.22101,0.98,0.75
2012.08.06 20:59:12.602,1.22072,1.22101,0.75,1.50
2012.08.06 20:59:12.662,1.22072,1.22104,0.75,1.50
2012.08.06 20:59:21.092,1.22071,1.22104,0.23,1.50
2012.08.06 20:59:22.411,1.22071,1.22101,0.23,0.75
2012.08.06 20:59:23.019,1.22072,1.22101,0.75,0.75
2012.08.06 20:59:26.560,1.22071,1.22101,0.23,0.75
2012.08.06 20:59:26.834,1.22067,1.22104,0.23,0.75
2012.08.06 20:59:30.610,1.22067,1.22105,0.23,0.75
2012.08.06 20:59:30.731,1.22067,1.22108,0.23,0.75
2012.08.06 20:59:34.986,1.22067,1.22105,0.23,0.38
2012.08.06 20:59:35.307,1.22067,1.22103,0.23,0.75
2012.08.06 20:59:40.685,1.22067,1.22107,0.23,0.75
2012.08.06 20:59:40.862,1.22071,1.22107,0.23,0.75
2012.08.06 20:59:42.721,1.22071,1.22102,0.23,0.75
2012.08.06 20:59:42.944,1.22067,1.22102,0.23,0.75
2012.08.06 20:59:46.080,1.22063,1.22102,0.23,0.75
2012.08.06 20:59:48.335,1.22062,1.22098,0.23,0.75
2012.08.06 20:59:48.454,1.22062,1.22106,0.23,0.38
2012.08.06 20:59:48.512,1.22066,1.22105,0.23,0.38
2012.08.06 20:59:50.829,1.22066,1.22104,0.23,0.75
2012.08.06 20:59:50.993,1.22066,1.22109,0.98,0.75
2012.08.06 20:59:51.051,1.22073,1.22109,0.23,0.75
2012.08.06 20:59:51.651,1.22073,1.22108,0.23,0.75
2012.08.06 20:59:52.711,1.22073,1.22113,0.23,0.75
2012.08.06 20:59:55.388,1.22073,1.22109,0.23,0.75
2012.08.06 20:59:57.300,1.22073,1.22107,0.23,1.50
2012.08.06 20:59:57.411,1.22073,1.22109,0.23,0.75
2012.08.06 20:59:59.031,1.22073,1.22113,0.23,0.75
2012.08.06 20:59:59.453,1.22073,1.22109,0.23,0.75
