2007.04.26 15:00:00.309,2.3778,2.3783,3.20,5.60
2007.04.26 15:00:01.523,2.3779,2.3783,4.00,5.60
2007.04.26 15:00:01.845,2.3779,2.3783,6.40,2.40
2007.04.26 15:00:02.705,2.3779,2.3784,6.40,8.00
2007.04.26 15:00:03.490,2.378,2.3784,0.80,8.00
2007.04.26 15:00:03.895,2.378,2.3784,5.60,7.20
2007.04.26 15:00:04.099,2.378,2.3784,7.20,7.20
2007.04.26 15:00:04.363,2.378,2.3784,8.00,7.20
2007.04.26 15:00:04.606,2.378,2.3784,18.40,7.20
2007.04.26 15:00:04.704,2.378,2.3786,18.40,19.20
2007.04.26 15:00:04.836,2.37805,2.3786,2.40,11.20
2007.04.26 15:00:06.042,2.37805,2.3787,2.40,35.10
2007.04.26 15:00:06.854,2.37805,2.3786,2.40,10.40
2007.04.26 15:00:07.347,2.37805,2.3786,2.40,15.20
2007.04.26 15:00:09.514,2.37805,2.3785,2.40,0.90
2007.04.26 15:00:09.847,2.37805,2.37855,2.40,7.20
2007.04.26 15:00:10.060,2.3781,2.3782,2.40,0.50
2007.04.26 15:00:10.328,2.378,2.3783,6.40,15.90
2007.04.26 15:00:10.719,2.378,2.3781,6.40,0.80
2007.04.26 15:00:11.636,2.378,2.3781,6.40,4.80
2007.04.26 15:00:12.185,2.3776,2.3781,12.00,8.40
2007.04.26 15:00:12.411,2.3777,2.378,4.80,0.80
2007.04.26 15:00:12.617,2.3777,2.3781,12.00,6.80
2007.04.26 15:00:12.916,2.378,2.3781,4.00,6.80
2007.04.26 15:00:13.140,2.378,2.3782,4.00,7.60
2007.04.26 15:00:13.363,2.378,2.3781,4.00,0.70
2007.04.26 15:00:14.267,2.378,2.3782,4.00,10.80
2007.04.26 15:00:14.490,2.37785,2.3783,2.40,16.00
2007.04.26 15:00:14.818,2.37785,2.3782,2.40,10.40
2007.04.26 15:00:15.277,2.3778,2.3781,5.60,0.50
2007.04.26 15:00:15.507,2.3778,2.3781,4.80,0.60
2007.04.26 15:00:15.991,2.3778,2.3782,4.80,12.80
2007.04.26 15:00:16.253,2.3778,2.3783,4.00,36.20
2007.04.26 15:00:16.501,2.3778,2.3783,4.00,39.40
2007.04.26 15:00:16.845,2.37775,2.3781,2.40,2.80
2007.04.26 15:00:17.360,2.37775,2.3782,2.40,0.70
2007.04.26 15:00:17.623,2.37775,2.3781,2.40,0.80
2007.04.26 15:00:18.121,2.37775,2.3782,2.40,0.50
2007.04.26 15:00:18.344,2.37775,2.3783,2.40,32.20
2007.04.26 15:00:18.564,2.37775,2.37825,2.40,23.10
2007.04.26 15:00:18.769,2.37775,2.3782,2.40,23.50
2007.04.26 15:00:19.890,2.37765,2.3781,2.40,0.80
2007.04.26 15:00:20.347,2.3777,2.3783,0.80,28.40
2007.04.26 15:00:20.613,2.3777,2.3783,1.60,24.40
2007.04.26 15:00:20.824,2.3777,2.3782,7.20,0.90
2007.04.26 15:00:21.043,2.3777,2.3782,8.80,13.20
2007.04.26 15:00:22.169,2.3777,2.3782,14.40,10.80
2007.04.26 15:00:22.381,2.3777,2.3782,18.30,0.80
2007.04.26 15:00:22.633,2.3777,2.3781,8.80,0.80
2007.04.26 15:00:22.961,2.3777,2.3782,21.50,2.80
2007.04.26 15:00:23.179,2.3777,2.3783,24.70,6.40
2007.04.26 15:00:23.409,2.3777,2.37825,25.50,0.60
2007.04.26 15:00:23.711,2.37775,2.3784,2.40,17.20
2007.04.26 15:00:24.676,2.3778,2.3784,7.20,14.80
2007.04.26 15:00:25.162,2.37775,2.3784,9.60,21.20
2007.04.26 15:00:25.294,2.3778,2.3783,0.90,0.80
2007.04.26 15:00:25.613,2.37775,2.3782,0.90,0.80
2007.04.26 15:00:27.247,2.3777,2.3783,8.80,25.90
2007.04.26 15:00:28.562,2.37775,2.378,0.50,0.80
2007.04.26 15:00:28.842,2.3777,2.3782,6.40,10.80
2007.04.26 15:00:29.081,2.37755,2.3782,5.60,18.80
2007.04.26 15:00:30.014,2.3776,2.3781,0.70,0.50
2007.04.26 15:00:30.348,2.37755,2.3782,5.60,19.60
2007.04.26 15:00:30.602,2.37755,2.3782,5.60,18.80
2007.04.26 15:00:31.010,2.37755,2.3782,9.60,14.80
2007.04.26 15:00:31.259,2.37765,2.3781,0.80,0.50
2007.04.26 15:00:31.673,2.3776,2.3781,8.80,9.20
2007.04.26 15:00:34.462,2.3775,2.378,23.90,4.80
2007.04.26 15:00:35.009,2.37755,2.378,0.60,12.00
2007.04.26 15:00:35.278,2.3775,2.3779,10.40,4.00
2007.04.26 15:00:35.579,2.3775,2.3779,8.80,4.80
2007.04.26 15:00:36.276,2.3775,2.378,9.60,14.40
2007.04.26 15:00:36.888,2.37755,2.3779,0.50,0.80
2007.04.26 15:00:37.642,2.37745,2.3779,8.80,0.80
2007.04.26 15:00:37.938,2.3774,2.3779,23.90,0.80
2007.04.26 15:00:38.343,2.37745,2.378,3.20,19.60
2007.04.26 15:00:38.637,2.37745,2.378,3.20,20.00
2007.04.26 15:00:38.949,2.3774,2.378,25.90,20.00
2007.04.26 15:00:40.905,2.3775,2.378,1.70,20.00
2007.04.26 15:00:41.994,2.3775,2.378,19.10,16.80
2007.04.26 15:00:42.965,2.3775,2.3779,7.20,0.80
2007.04.26 15:00:43.251,2.37755,2.3779,0.50,2.40
2007.04.26 15:00:43.454,2.3775,2.3779,6.40,3.20
2007.04.26 15:00:44.980,2.3774,2.3779,7.30,3.20
2007.04.26 15:00:45.314,2.3774,2.3779,12.20,2.40
2007.04.26 15:00:45.555,2.3773,2.3779,33.10,0.80
2007.04.26 15:00:46.313,2.3773,2.3779,33.10,3.20
2007.04.26 15:00:50.297,2.3774,2.3779,8.70,3.20
2007.04.26 15:00:50.559,2.3774,2.3779,3.20,3.20
2007.04.26 15:00:50.942,2.3774,2.3779,2.50,12.80
2007.04.26 15:00:51.238,2.37735,2.3779,8.00,6.40
2007.04.26 15:00:51.623,2.3774,2.3779,0.70,6.40
2007.04.26 15:00:51.911,2.3774,2.3779,4.80,9.60
2007.04.26 15:00:52.166,2.3775,2.3778,0.90,0.80
2007.04.26 15:00:52.388,2.3775,2.3778,1.60,0.80
2007.04.26 15:00:52.641,2.37735,2.3778,2.40,2.40
2007.04.26 15:00:52.914,2.37735,2.3778,2.40,5.60
2007.04.26 15:00:53.127,2.37735,2.3778,2.40,8.00
2007.04.26 15:00:53.950,2.37735,2.3778,2.40,6.40
2007.04.26 15:00:54.283,2.3774,2.3778,4.00,2.40
2007.04.26 15:00:54.519,2.3775,2.3779,0.80,13.60
2007.04.26 15:00:54.751,2.3775,2.3778,0.80,3.20
2007.04.26 15:00:55.005,2.3775,2.3779,0.80,6.40
2007.04.26 15:00:55.953,2.3775,2.3779,0.80,5.60
2007.04.26 15:00:56.161,2.3775,2.3779,0.80,4.00
2007.04.26 15:00:58.103,2.3775,2.3779,4.80,4.00
2007.04.26 15:00:58.308,2.3775,2.3779,7.20,4.00
2007.04.26 15:00:59.287,2.3774,2.3779,3.20,8.00
2007.04.26 15:00:59.828,2.3774,2.3778,2.40,4.80
2007.04.26 15:01:00.954,2.3774,2.37785,4.80,3.20
2007.04.26 15:01:01.193,2.3774,2.37785,4.00,3.20
2007.04.26 15:01:02.166,2.3774,2.3779,4.00,8.80
2007.04.26 15:01:02.612,2.3774,2.3778,4.00,2.40
2007.04.26 15:01:02.841,2.3774,2.3778,4.80,6.40
2007.04.26 15:01:03.060,2.3774,2.3778,6.40,3.20
2007.04.26 15:01:03.269,2.3774,2.37785,8.00,3.20
2007.04.26 15:01:03.599,2.3774,2.37785,9.60,3.20
2007.04.26 15:01:03.835,2.3774,2.3779,17.60,4.80
2007.04.26 15:01:04.074,2.3774,2.3779,18.40,4.80
2007.04.26 15:01:04.930,2.3775,2.3779,0.50,4.80
2007.04.26 15:01:06.881,2.3775,2.3778,0.50,0.80
2007.04.26 15:01:07.112,2.3775,2.3777,0.50,4.00
2007.04.26 15:01:07.634,2.3775,2.3778,0.50,4.00
2007.04.26 15:01:07.874,2.3775,2.3778,0.50,0.80
2007.04.26 15:01:08.597,2.3775,2.3777,0.50,4.00
2007.04.26 15:01:11.374,2.3775,2.3778,0.50,4.80
2007.04.26 15:01:13.584,2.3775,2.37785,0.50,4.00
2007.04.26 15:01:14.581,2.3775,2.3779,0.50,8.40
2007.04.26 15:01:15.909,2.3775,2.3779,0.50,0.90
2007.04.26 15:01:17.907,2.3775,2.3779,0.50,0.90
2007.04.26 15:01:18.125,2.3775,2.378,0.50,23.60
2007.04.26 15:01:18.332,2.3775,2.3779,0.50,19.60
2007.04.26 15:01:19.900,2.3775,2.3779,0.50,18.80
2007.04.26 15:01:20.120,2.3775,2.3778,0.50,0.80
2007.04.26 15:01:20.460,2.3775,2.3778,0.50,0.70
2007.04.26 15:01:20.843,2.3775,2.3777,0.50,0.70
2007.04.26 15:01:21.131,2.3775,2.3778,0.50,5.60
2007.04.26 15:01:22.105,2.3775,2.3779,0.50,16.00
2007.04.26 15:01:22.876,2.3775,2.37795,0.50,10.40
2007.04.26 15:01:23.105,2.3775,2.3779,0.50,0.80
2007.04.26 15:01:23.902,2.3775,2.3779,0.50,0.90
2007.04.26 15:01:24.214,2.3775,2.3779,0.50,9.60
2007.04.26 15:01:24.568,2.3775,2.3778,1.20,0.80
2007.04.26 15:01:24.891,2.3775,2.3779,1.20,24.30
2007.04.26 15:01:25.128,2.3775,2.3779,1.20,24.30
2007.04.26 15:01:25.564,2.3775,2.3779,1.20,24.30
2007.04.26 15:01:26.777,2.3775,2.3778,1.20,4.80
2007.04.26 15:01:26.984,2.3775,2.3778,1.20,5.60
2007.04.26 15:01:27.225,2.3775,2.3777,1.20,0.80
2007.04.26 15:01:27.551,2.3775,2.3777,1.20,0.60
2007.04.26 15:01:27.861,2.3774,2.3778,4.80,23.40
2007.04.26 15:01:28.159,2.3774,2.3776,4.80,2.80
2007.04.26 15:01:28.419,2.3774,2.3775,0.80,0.80
2007.04.26 15:01:28.680,2.3774,2.3778,0.80,10.70
2007.04.26 15:01:28.706,2.3773,2.3778,4.80,12.30
2007.04.26 15:01:28.950,2.3774,2.3777,4.80,8.00
2007.04.26 15:01:29.208,2.3774,2.37765,4.00,0.60
2007.04.26 15:01:29.857,2.3774,2.37765,4.80,0.70
2007.04.26 15:01:30.084,2.3774,2.37765,5.60,0.60
2007.04.26 15:01:30.515,2.3774,2.3778,6.40,7.20
2007.04.26 15:01:30.865,2.3774,2.3779,8.00,12.00
2007.04.26 15:01:31.864,2.3774,2.3779,12.00,8.00
2007.04.26 15:01:32.125,2.3774,2.378,14.40,13.20
2007.04.26 15:01:32.865,2.3776,2.3779,4.00,0.70
2007.04.26 15:01:33.100,2.3776,2.3779,4.00,0.90
2007.04.26 15:01:33.358,2.3776,2.3781,4.00,13.60
2007.04.26 15:01:33.603,2.3776,2.3781,4.80,12.00
2007.04.26 15:01:33.861,2.3776,2.3779,4.00,0.80
2007.04.26 15:01:34.147,2.3775,2.3779,0.80,0.80
2007.04.26 15:01:34.467,2.3775,2.37795,4.80,4.00
2007.04.26 15:01:34.780,2.3775,2.378,7.20,5.20
2007.04.26 15:01:36.428,2.3776,2.378,4.00,3.60
2007.04.26 15:01:36.750,2.3776,2.37815,11.20,8.00
2007.04.26 15:01:37.872,2.3776,2.378,10.40,2.80
2007.04.26 15:01:38.085,2.3776,2.3781,18.30,9.20
2007.04.26 15:01:38.302,2.3776,2.378,14.30,0.80
2007.04.26 15:01:38.526,2.37765,2.378,2.40,0.80
2007.04.26 15:01:39.166,2.3776,2.3781,0.80,18.80
2007.04.26 15:01:42.518,2.3776,2.3779,0.80,0.80
2007.04.26 15:01:43.787,2.3776,2.3778,0.80,0.80
2007.04.26 15:01:44.181,2.3776,2.378,0.80,4.00
2007.04.26 15:01:44.519,2.3776,2.378,0.80,0.80
2007.04.26 15:01:45.509,2.3775,2.3779,9.60,0.80
2007.04.26 15:01:46.452,2.3775,2.3778,9.60,0.80
2007.04.26 15:01:47.503,2.3775,2.3778,3.20,0.80
2007.04.26 15:01:48.139,2.3775,2.3778,0.80,0.80
2007.04.26 15:01:48.351,2.3776,2.3778,0.80,0.80
2007.04.26 15:01:49.404,2.3775,2.3778,0.80,0.80
2007.04.26 15:01:50.978,2.3775,2.3779,0.80,4.00
2007.04.26 15:01:51.168,2.3774,2.3779,4.00,4.00
2007.04.26 15:01:51.511,2.3775,2.3779,0.80,0.80
2007.04.26 15:01:52.507,2.3775,2.3778,0.80,0.80
2007.04.26 15:01:53.314,2.3774,2.3779,10.40,4.00
2007.04.26 15:01:53.754,2.3775,2.3779,0.80,0.80
2007.04.26 15:01:57.050,2.3775,2.3778,0.80,0.80
2007.04.26 15:02:01.150,2.3774,2.3779,10.40,4.00
2007.04.26 15:02:01.822,2.3774,2.3779,20.30,3.20
2007.04.26 15:02:03.737,2.3775,2.378,1.00,14.40
2007.04.26 15:02:03.956,2.37745,2.378,4.00,10.40
2007.04.26 15:02:05.107,2.37745,2.378,4.00,6.40
2007.04.26 15:02:07.124,2.37745,2.378,5.60,5.60
2007.04.26 15:02:07.345,2.37745,2.378,6.40,4.00
2007.04.26 15:02:08.128,2.37745,2.378,10.40,4.00
2007.04.26 15:02:08.371,2.3774,2.378,33.10,0.80
2007.04.26 15:02:14.459,2.37745,2.378,9.60,12.70
2007.04.26 15:02:14.962,2.3774,2.37795,16.80,3.20
2007.04.26 15:02:15.375,2.3774,2.37795,29.10,3.20
2007.04.26 15:02:15.677,2.3774,2.378,33.10,0.80
2007.04.26 15:02:16.104,2.3774,2.3779,33.90,12.00
2007.04.26 15:02:16.457,2.3775,2.3779,1.20,12.00
2007.04.26 15:02:16.728,2.3774,2.3779,35.50,12.00
2007.04.26 15:02:16.941,2.3774,2.3779,22.70,14.40
2007.04.26 15:02:17.152,2.3774,2.3777,7.20,4.00
2007.04.26 15:02:17.449,2.3773,2.3776,8.00,3.20
2007.04.26 15:02:17.770,2.3774,2.3776,1.60,4.80
2007.04.26 15:02:18.009,2.3773,2.3776,1.60,4.80
2007.04.26 15:02:19.083,2.3772,2.3776,12.00,7.20
2007.04.26 15:02:19.582,2.3772,2.3776,5.60,8.00
2007.04.26 15:02:19.796,2.3773,2.3776,0.80,8.80
2007.04.26 15:02:20.000,2.3772,2.3776,2.50,7.20
2007.04.26 15:02:20.357,2.3772,2.3776,5.60,9.60
2007.04.26 15:02:20.981,2.3772,2.3776,5.60,8.00
2007.04.26 15:02:21.273,2.3772,2.3776,5.60,7.20
2007.04.26 15:02:22.044,2.3772,2.3775,1.60,0.80
2007.04.26 15:02:22.253,2.3773,2.3775,0.80,1.60
2007.04.26 15:02:22.540,2.3773,2.3775,0.80,2.40
2007.04.26 15:02:22.762,2.3772,2.3775,7.20,1.60
2007.04.26 15:02:23.047,2.3772,2.3776,12.00,4.80
2007.04.26 15:02:23.658,2.3772,2.3776,7.20,5.60
2007.04.26 15:02:24.094,2.3772,2.3776,12.00,4.80
2007.04.26 15:02:24.362,2.3772,2.3776,5.60,4.80
2007.04.26 15:02:25.440,2.3772,2.3776,1.60,4.80
2007.04.26 15:02:26.367,2.3772,2.3776,0.80,7.20
2007.04.26 15:02:26.642,2.3772,2.3776,0.80,10.40
2007.04.26 15:02:26.961,2.3772,2.3776,0.80,8.00
2007.04.26 15:02:27.218,2.3772,2.3776,1.60,8.00
2007.04.26 15:02:27.429,2.3772,2.3776,3.20,5.60
2007.04.26 15:02:28.400,2.3772,2.3776,0.80,5.60
2007.04.26 15:02:29.428,2.3771,2.3776,25.90,7.20
2007.04.26 15:02:29.632,2.3771,2.3776,25.90,8.00
2007.04.26 15:02:29.898,2.3771,2.3776,27.50,8.00
2007.04.26 15:02:30.753,2.3772,2.3776,0.80,8.00
2007.04.26 15:02:31.043,2.3772,2.3776,0.80,10.40
2007.04.26 15:02:31.425,2.3772,2.3776,0.80,9.60
2007.04.26 15:02:31.639,2.3772,2.3776,0.80,10.40
2007.04.26 15:02:32.079,2.3771,2.3776,4.80,13.60
2007.04.26 15:02:32.411,2.3771,2.3774,0.80,0.80
2007.04.26 15:02:34.403,2.377,2.3774,3.20,0.80
2007.04.26 15:02:39.650,2.377,2.3773,3.20,2.40
2007.04.26 15:02:39.901,2.377,2.3773,3.20,5.60
2007.04.26 15:02:40.252,2.377,2.3773,3.20,4.80
2007.04.26 15:02:41.437,2.377,2.3773,0.80,4.80
2007.04.26 15:02:46.000,2.3769,2.3773,32.30,4.80
2007.04.26 15:02:46.995,2.3769,2.3773,22.30,6.40
2007.04.26 15:02:47.201,2.3769,2.3773,22.30,7.20
2007.04.26 15:02:47.463,2.3769,2.3773,22.30,5.60
2007.04.26 15:02:47.682,2.3769,2.3773,22.30,4.80
2007.04.26 15:02:48.064,2.3769,2.3773,10.40,4.80
2007.04.26 15:02:48.343,2.3769,2.3773,10.40,7.20
2007.04.26 15:02:49.393,2.3769,2.3773,6.40,7.20
2007.04.26 15:02:49.635,2.3769,2.3773,3.20,7.20
2007.04.26 15:02:49.870,2.3769,2.3773,3.20,0.60
2007.04.26 15:02:51.341,2.3768,2.3772,9.60,0.80
2007.04.26 15:02:51.548,2.3768,2.3772,3.20,0.80
2007.04.26 15:02:54.390,2.3769,2.37725,3.20,0.60
2007.04.26 15:02:54.822,2.3769,2.37735,3.20,8.00
2007.04.26 15:02:55.053,2.3769,2.3774,9.60,5.60
2007.04.26 15:02:56.086,2.3769,2.3773,5.60,0.50
2007.04.26 15:02:56.378,2.3769,2.3773,3.20,0.60
2007.04.26 15:02:58.024,2.3769,2.3773,3.20,4.80
2007.04.26 15:02:58.251,2.3768,2.3772,10.00,0.60
2007.04.26 15:02:58.640,2.3768,2.3773,7.20,6.40
2007.04.26 15:02:58.948,2.3768,2.3772,7.20,0.50
2007.04.26 15:02:59.155,2.3768,2.3772,7.20,0.80
2007.04.26 15:02:59.370,2.3769,2.3773,3.20,7.20
2007.04.26 15:02:59.607,2.3768,2.3773,7.20,6.40
2007.04.26 15:02:59.940,2.3768,2.3773,7.20,15.90
2007.04.26 15:03:00.174,2.3768,2.3773,7.20,15.10
2007.04.26 15:03:00.464,2.3768,2.3772,8.00,0.60
2007.04.26 15:03:01.362,2.3768,2.37725,5.60,5.60
2007.04.26 15:03:01.570,2.3768,2.37725,0.80,7.20
2007.04.26 15:03:01.841,2.3768,2.37725,0.80,8.00
2007.04.26 15:03:02.698,2.3768,2.37725,0.80,8.80
2007.04.26 15:03:04.759,2.3768,2.3772,0.80,0.50
2007.04.26 15:03:05.005,2.3768,2.37725,1.60,5.60
2007.04.26 15:03:06.291,2.3768,2.3772,8.00,0.60
2007.04.26 15:03:07.005,2.3768,2.3772,9.60,0.80
2007.04.26 15:03:07.228,2.3768,2.3773,10.40,0.90
2007.04.26 15:03:07.746,2.3768,2.3773,10.40,0.60
2007.04.26 15:03:07.955,2.3768,2.37735,10.40,10.40
2007.04.26 15:03:08.193,2.3768,2.3773,10.40,0.80
2007.04.26 15:03:08.722,2.37685,2.3773,2.40,0.80
2007.04.26 15:03:09.005,2.3769,2.37735,2.40,5.60
2007.04.26 15:03:09.362,2.3769,2.3774,4.80,10.40
2007.04.26 15:03:09.745,2.3769,2.3774,12.70,9.60
2007.04.26 15:03:10.731,2.3769,2.37745,15.10,9.60
2007.04.26 15:03:11.066,2.377,2.3774,0.80,0.60
2007.04.26 15:03:11.398,2.377,2.37745,1.60,8.00
2007.04.26 15:03:12.012,2.3771,2.3775,1.60,8.00
2007.04.26 15:03:12.678,2.3771,2.3775,0.80,8.00
2007.04.26 15:03:13.971,2.3771,2.3775,0.80,0.70
2007.04.26 15:03:14.596,2.3771,2.3776,0.80,8.00
2007.04.26 15:03:14.990,2.3771,2.3775,0.80,8.80
2007.04.26 15:03:15.728,2.3771,2.3775,0.80,12.80
2007.04.26 15:03:16.764,2.3771,2.3775,0.80,12.80
2007.04.26 15:03:18.286,2.377,2.3774,0.80,7.20
2007.04.26 15:03:19.756,2.3769,2.3774,10.40,7.20
2007.04.26 15:03:21.978,2.3769,2.3774,11.20,7.20
2007.04.26 15:03:24.651,2.3769,2.3774,23.50,7.20
2007.04.26 15:03:25.130,2.3769,2.3774,23.50,3.20
2007.04.26 15:03:25.733,2.3771,2.3774,0.80,0.80
2007.04.26 15:03:25.952,2.3771,2.37745,1.60,3.20
2007.04.26 15:03:26.305,2.3771,2.37745,0.80,3.20
2007.04.26 15:03:27.083,2.377,2.3774,0.80,0.80
2007.04.26 15:03:27.415,2.377,2.3774,0.80,4.80
2007.04.26 15:03:29.071,2.3769,2.3774,23.50,4.80
2007.04.26 15:03:29.952,2.3768,2.3774,24.30,4.80
2007.04.26 15:03:44.698,2.3768,2.3774,13.20,6.40
2007.04.26 15:03:45.038,2.3769,2.3774,2.10,7.20
2007.04.26 15:03:47.323,2.3769,2.3774,9.30,7.20
2007.04.26 15:03:47.667,2.3768,2.3774,13.20,3.20
2007.04.26 15:03:48.010,2.3768,2.3774,13.20,7.20
2007.04.26 15:04:02.645,2.3769,2.3774,11.20,6.40
2007.04.26 15:04:02.952,2.3769,2.37745,11.20,3.20
2007.04.26 15:04:03.232,2.377,2.3775,6.40,2.40
2007.04.26 15:04:03.439,2.377,2.3775,7.20,2.40
2007.04.26 15:04:05.652,2.377,2.37745,0.80,3.20
2007.04.26 15:04:05.941,2.3769,2.37745,11.20,3.20
2007.04.26 15:04:06.261,2.3769,2.3773,10.40,2.40
2007.04.26 15:04:06.864,2.377,2.3774,0.80,0.80
2007.04.26 15:04:07.075,2.377,2.37745,8.00,3.20
2007.04.26 15:04:07.313,2.37705,2.3775,2.40,9.60
2007.04.26 15:04:08.201,2.3771,2.3775,0.80,8.00
2007.04.26 15:04:08.426,2.3771,2.3775,0.80,7.20
2007.04.26 15:04:10.297,2.3771,2.3775,1.60,7.20
2007.04.26 15:04:10.555,2.3771,2.3775,3.20,7.20
2007.04.26 15:04:12.576,2.3771,2.3775,4.00,6.40
2007.04.26 15:04:12.916,2.3771,2.3775,4.00,2.40
2007.04.26 15:04:13.927,2.3772,2.3775,0.80,2.40
2007.04.26 15:04:15.620,2.3772,2.3776,0.80,0.80
2007.04.26 15:04:15.869,2.3772,2.3777,0.80,9.60
2007.04.26 15:04:16.110,2.3772,2.3777,0.80,5.60
2007.04.26 15:04:16.371,2.3772,2.3777,1.60,5.60
2007.04.26 15:04:17.976,2.3772,2.3777,5.60,5.60
2007.04.26 15:04:18.295,2.3772,2.3777,8.00,2.40
2007.04.26 15:04:18.607,2.3772,2.3777,8.00,3.20
2007.04.26 15:04:19.291,2.3773,2.3777,0.80,3.20
2007.04.26 15:04:26.845,2.3773,2.3777,0.80,4.00
2007.04.26 15:04:28.623,2.3772,2.3777,8.00,4.00
2007.04.26 15:04:28.832,2.3772,2.3776,7.20,0.80
2007.04.26 15:04:29.610,2.3772,2.3776,4.80,0.80
2007.04.26 15:04:29.851,2.3772,2.37765,1.60,3.20
2007.04.26 15:04:30.935,2.3772,2.3777,1.60,9.60
2007.04.26 15:04:32.929,2.3772,2.3775,0.80,4.00
2007.04.26 15:04:33.509,2.3771,2.3775,9.60,4.00
2007.04.26 15:04:34.261,2.3771,2.3775,10.40,0.80
2007.04.26 15:04:34.548,2.3771,2.3776,11.20,0.80
2007.04.26 15:04:35.500,2.37715,2.3776,2.40,0.80
2007.04.26 15:04:35.849,2.37715,2.3776,2.40,1.60
2007.04.26 15:04:36.098,2.37715,2.3776,2.40,3.20
2007.04.26 15:04:37.525,2.3771,2.3776,11.20,3.20
2007.04.26 15:04:47.216,2.3771,2.3776,11.20,2.40
2007.04.26 15:04:47.453,2.3771,2.3776,11.20,1.60
2007.04.26 15:04:47.666,2.3771,2.3776,11.20,0.80
2007.04.26 15:04:47.720,2.3771,2.3776,11.20,0.80
2007.04.26 15:04:48.880,2.3771,2.3776,11.20,0.80
2007.04.26 15:04:51.869,2.3771,2.3776,9.60,0.80
2007.04.26 15:04:52.196,2.3771,2.3777,2.40,23.50
2007.04.26 15:04:56.200,2.3771,2.3775,2.40,0.80
2007.04.26 15:04:56.425,2.3771,2.3776,1.60,10.40
2007.04.26 15:04:56.648,2.3771,2.3775,0.80,23.50
2007.04.26 15:04:57.861,2.377,2.3774,0.80,0.70
2007.04.26 15:04:58.068,2.377,2.3775,0.80,25.90
2007.04.26 15:05:02.173,2.377,2.3774,0.80,0.90
2007.04.26 15:05:02.446,2.377,2.3775,0.80,25.10
2007.04.26 15:05:02.691,2.377,2.3775,0.80,25.10
2007.04.26 15:05:02.980,2.377,2.3774,0.80,12.80
2007.04.26 15:05:05.519,2.3771,2.3773,0.80,0.80
2007.04.26 15:05:05.846,2.3771,2.37735,0.80,10.40
2007.04.26 15:05:06.454,2.377,2.3773,0.80,0.90
2007.04.26 15:05:08.280,2.377,2.3773,0.80,0.60
2007.04.26 15:05:08.504,2.3769,2.3774,2.40,8.00
2007.04.26 15:05:09.102,2.3769,2.3774,2.40,0.90
2007.04.26 15:05:10.395,2.3769,2.3775,2.40,26.70
2007.04.26 15:05:12.818,2.3769,2.3773,1.60,0.60
2007.04.26 15:05:13.042,2.3769,2.3773,0.80,18.70
2007.04.26 15:05:13.281,2.3769,2.3772,0.80,0.80
2007.04.26 15:05:13.491,2.3769,2.3773,0.80,23.50
2007.04.26 15:05:13.701,2.3769,2.3773,0.80,26.70
2007.04.26 15:05:13.915,2.3769,2.377,0.80,0.80
2007.04.26 15:05:14.360,2.3769,2.3771,0.80,4.80
2007.04.26 15:05:14.618,2.3769,2.3771,0.80,5.60
2007.04.26 15:05:14.866,2.3768,2.3769,4.00,3.20
2007.04.26 15:05:15.114,2.3765,2.3769,12.70,3.20
2007.04.26 15:05:15.343,2.3765,2.3769,14.30,3.20
2007.04.26 15:05:15.635,2.3765,2.3769,2.40,3.20
2007.04.26 15:05:15.994,2.3765,2.3769,3.20,3.20
2007.04.26 15:05:16.317,2.3765,2.3769,0.80,3.20
2007.04.26 15:05:16.624,2.3765,2.377,0.80,13.50
2007.04.26 15:05:17.774,2.37645,2.377,3.20,13.50
2007.04.26 15:05:20.452,2.3765,2.377,0.80,14.30
2007.04.26 15:05:20.819,2.3765,2.377,0.80,15.10
2007.04.26 15:05:22.150,2.37645,2.377,3.20,8.00
2007.04.26 15:05:23.796,2.37645,2.377,4.00,8.80
2007.04.26 15:05:24.423,2.37645,2.377,4.00,11.20
2007.04.26 15:05:26.112,2.3765,2.3769,0.90,2.40
2007.04.26 15:05:30.464,2.3764,2.3769,21.20,0.80
2007.04.26 15:05:30.796,2.3764,2.37695,23.60,3.20
2007.04.26 15:05:31.466,2.3765,2.37695,3.60,3.20
2007.04.26 15:05:31.754,2.3766,2.377,0.80,10.40
2007.04.26 15:05:32.059,2.3765,2.377,7.60,8.80
2007.04.26 15:05:32.281,2.3766,2.377,0.80,6.40
2007.04.26 15:05:32.565,2.3766,2.377,0.80,7.20
2007.04.26 15:05:33.010,2.37655,2.377,4.00,5.60
2007.04.26 15:05:33.248,2.3766,2.377,1.20,1.60
2007.04.26 15:05:33.455,2.37655,2.377,3.20,0.80
2007.04.26 15:05:33.675,2.37655,2.377,3.20,2.40
2007.04.26 15:05:33.891,2.3766,2.377,1.20,0.80
2007.04.26 15:05:34.126,2.3766,2.37705,2.00,3.20
2007.04.26 15:05:34.789,2.37655,2.3769,3.20,3.20
2007.04.26 15:05:35.031,2.3765,2.3769,6.40,11.10
2007.04.26 15:05:35.535,2.3765,2.3769,6.40,11.90
2007.04.26 15:05:35.789,2.37655,2.3768,0.90,2.40
2007.04.26 15:05:36.111,2.3765,2.3768,6.40,3.20
2007.04.26 15:05:36.371,2.3764,2.3768,4.80,2.40
2007.04.26 15:05:36.600,2.3765,2.3769,0.80,4.80
2007.04.26 15:05:36.813,2.3765,2.3769,0.80,4.00
2007.04.26 15:05:37.074,2.3765,2.3769,1.90,3.20
2007.04.26 15:05:37.290,2.3765,2.3769,0.80,0.80
2007.04.26 15:05:37.624,2.3765,2.37695,1.20,3.20
2007.04.26 15:05:38.107,2.3765,2.3769,1.60,0.80
2007.04.26 15:05:40.973,2.3765,2.37695,8.40,3.20
2007.04.26 15:05:41.758,2.3766,2.3771,2.90,7.20
2007.04.26 15:05:46.437,2.3766,2.3771,9.60,8.00
2007.04.26 15:05:46.773,2.3766,2.3769,8.80,0.80
2007.04.26 15:05:47.084,2.3766,2.3769,2.40,0.80
2007.04.26 15:05:47.774,2.3766,2.37695,2.40,3.20
2007.04.26 15:05:48.638,2.3766,2.3769,2.40,0.80
2007.04.26 15:05:49.404,2.3765,2.3767,6.40,0.80
2007.04.26 15:05:49.667,2.3765,2.3767,4.00,0.80
2007.04.26 15:05:49.876,2.3764,2.3767,6.40,0.80
2007.04.26 15:05:50.702,2.3764,2.3767,2.40,0.80
2007.04.26 15:05:51.000,2.3763,2.3767,2.40,0.80
2007.04.26 15:05:52.422,2.3763,2.3766,0.80,4.00
2007.04.26 15:05:52.659,2.37625,2.3766,2.40,4.00
2007.04.26 15:05:53.037,2.37625,2.3766,2.40,3.20
2007.04.26 15:05:53.415,2.37625,2.3767,2.40,1.60
2007.04.26 15:05:54.605,2.37625,2.3767,2.40,7.20
2007.04.26 15:05:54.825,2.37625,2.3764,2.40,3.20
2007.04.26 15:05:55.137,2.37625,2.3765,2.40,4.00
2007.04.26 15:05:55.375,2.3763,2.3767,0.80,1.60
2007.04.26 15:05:55.804,2.3763,2.37675,0.80,3.20
2007.04.26 15:05:56.139,2.3763,2.3767,0.80,1.60
2007.04.26 15:05:56.415,2.37625,2.3765,2.40,0.80
2007.04.26 15:05:56.640,2.37625,2.3766,2.40,0.80
2007.04.26 15:05:56.958,2.37625,2.3768,2.40,15.10
2007.04.26 15:05:57.175,2.37625,2.3768,2.40,13.50
2007.04.26 15:05:57.717,2.3763,2.3768,7.20,2.40
2007.04.26 15:05:57.959,2.3764,2.37685,11.90,3.20
2007.04.26 15:05:59.038,2.3764,2.37685,0.80,3.20
2007.04.26 15:05:59.283,2.3764,2.3768,0.80,1.60
2007.04.26 15:05:59.932,2.3764,2.3767,1.60,0.80
2007.04.26 15:06:00.137,2.3764,2.3767,5.60,0.80
2007.04.26 15:06:00.454,2.3764,2.3767,4.00,0.80
2007.04.26 15:06:00.749,2.3765,2.3768,1.60,0.80
2007.04.26 15:06:00.991,2.3765,2.37685,2.40,3.20
2007.04.26 15:06:01.498,2.3765,2.3767,3.20,1.60
2007.04.26 15:06:02.006,2.3765,2.3767,0.80,1.60
2007.04.26 15:06:02.298,2.3765,2.3767,1.60,2.40
2007.04.26 15:06:02.503,2.3764,2.3767,6.40,2.40
2007.04.26 15:06:02.705,2.3764,2.3767,6.40,0.80
2007.04.26 15:06:02.926,2.3764,2.37675,4.80,3.20
2007.04.26 15:06:03.136,2.3764,2.37675,5.60,3.20
2007.04.26 15:06:03.374,2.3764,2.37675,1.60,3.20
2007.04.26 15:06:03.725,2.3763,2.37675,2.40,3.20
2007.04.26 15:06:03.956,2.3763,2.37675,3.20,3.20
2007.04.26 15:06:05.087,2.3763,2.37675,4.00,3.20
2007.04.26 15:06:05.156,2.3762,2.37675,12.80,3.20
2007.04.26 15:06:05.544,2.3762,2.37675,12.00,3.20
2007.04.26 15:06:05.988,2.3764,2.37685,2.40,3.20
2007.04.26 15:06:06.250,2.3765,2.37685,2.90,3.20
2007.04.26 15:06:06.473,2.3765,2.377,17.50,5.60
2007.04.26 15:06:07.106,2.3765,2.377,22.30,0.80
2007.04.26 15:06:07.336,2.37655,2.3769,3.20,1.60
2007.04.26 15:06:07.555,2.3765,2.3769,15.10,6.40
2007.04.26 15:06:09.405,2.37635,2.3769,5.60,9.60
2007.04.26 15:06:11.081,2.3763,2.3769,23.50,6.40
2007.04.26 15:06:11.418,2.3763,2.3769,23.50,5.60
2007.04.26 15:06:11.747,2.3763,2.3769,20.30,1.60
2007.04.26 15:06:12.026,2.3764,2.3769,9.60,1.60
2007.04.26 15:06:12.411,2.3765,2.3769,0.50,1.60
2007.04.26 15:06:12.643,2.3766,2.37695,13.10,3.20
2007.04.26 15:06:13.252,2.3766,2.37695,2.80,3.20
2007.04.26 15:06:13.647,2.3766,2.3771,9.60,0.80
2007.04.26 15:06:13.863,2.3767,2.37715,0.80,3.20
2007.04.26 15:06:14.091,2.3767,2.3772,0.90,6.40
2007.04.26 15:06:14.968,2.3767,2.3771,0.90,1.60
2007.04.26 15:06:15.286,2.3766,2.3771,8.80,2.40
2007.04.26 15:06:15.942,2.3766,2.3771,8.80,2.40
2007.04.26 15:06:17.061,2.3767,2.3771,1.20,2.40
2007.04.26 15:06:17.322,2.3766,2.3771,8.80,3.20
2007.04.26 15:06:17.673,2.3767,2.37705,1.20,3.20
2007.04.26 15:06:17.894,2.3766,2.377,6.40,0.80
2007.04.26 15:06:18.216,2.3765,2.37705,23.10,3.20
2007.04.26 15:06:18.481,2.3766,2.377,1.60,0.80
2007.04.26 15:06:18.722,2.3765,2.37705,27.50,3.20
2007.04.26 15:06:19.397,2.37655,2.3771,5.60,6.40
2007.04.26 15:06:20.849,2.3766,2.3771,0.80,8.80
2007.04.26 15:06:21.276,2.37655,2.377,5.60,4.00
2007.04.26 15:06:21.644,2.37655,2.377,6.40,4.00
2007.04.26 15:06:21.939,2.3767,2.3769,2.80,1.60
2007.04.26 15:06:22.197,2.3768,2.3769,0.80,0.80
2007.04.26 15:06:22.229,2.37655,2.377,3.20,8.00
2007.04.26 15:06:22.477,2.37655,2.377,3.20,8.80
2007.04.26 15:06:22.712,2.37655,2.3769,0.90,0.80
2007.04.26 15:06:23.374,2.3766,2.3769,0.70,0.70
2007.04.26 15:06:24.038,2.3766,2.3769,0.80,0.50
2007.04.26 15:06:24.328,2.3764,2.37695,12.40,7.20
2007.04.26 15:06:25.337,2.3764,2.37695,12.40,8.00
2007.04.26 15:06:25.676,2.3764,2.37695,14.80,9.60
2007.04.26 15:06:25.958,2.3764,2.37695,20.30,8.00
2007.04.26 15:06:26.266,2.3765,2.3769,0.80,0.50
2007.04.26 15:06:27.367,2.3765,2.377,3.20,9.60
2007.04.26 15:06:27.605,2.3767,2.3769,0.80,0.70
2007.04.26 15:06:27.810,2.3768,2.377,0.80,0.90
2007.04.26 15:06:28.252,2.3766,2.3771,23.50,9.60
2007.04.26 15:06:28.554,2.3767,2.377,0.80,0.50
2007.04.26 15:06:28.758,2.3766,2.377,0.90,0.70
2007.04.26 15:06:29.010,2.3765,2.3771,15.50,16.80
2007.04.26 15:06:29.486,2.3765,2.37715,21.90,12.00
2007.04.26 15:06:30.018,2.3765,2.37715,21.90,9.60
2007.04.26 15:06:30.226,2.3766,2.37715,20.30,5.60
2007.04.26 15:06:30.894,2.3767,2.3771,0.80,0.80
2007.04.26 15:06:31.110,2.3768,2.37715,0.90,0.80
2007.04.26 15:06:31.493,2.3767,2.3772,13.90,12.80
2007.04.26 15:06:32.302,2.3768,2.3772,0.50,0.90
2007.04.26 15:06:33.034,2.3768,2.3772,4.00,0.80
2007.04.26 15:06:33.308,2.3769,2.37725,0.80,0.80
2007.04.26 15:06:33.571,2.3769,2.37725,1.60,0.90
2007.04.26 15:06:34.297,2.3769,2.3773,2.40,8.80
2007.04.26 15:06:34.502,2.3768,2.3773,1.60,7.20
2007.04.26 15:06:34.921,2.3768,2.3772,1.60,0.80
2007.04.26 15:06:35.406,2.3769,2.37725,0.80,7.20
2007.04.26 15:06:35.694,2.3769,2.3774,1.60,16.00
2007.04.26 15:06:36.028,2.3769,2.3774,4.00,16.00
2007.04.26 15:06:36.256,2.37705,2.3775,2.40,28.30
2007.04.26 15:06:36.705,2.3771,2.3775,0.80,24.30
2007.04.26 15:06:37.027,2.37705,2.3774,2.40,0.70
2007.04.26 15:06:37.276,2.37705,2.3774,2.40,19.80
2007.04.26 15:06:37.672,2.37705,2.3774,2.40,28.90
2007.04.26 15:06:37.960,2.37705,2.3774,2.40,0.80
2007.04.26 15:06:38.280,2.3771,2.3775,2.40,8.80
2007.04.26 15:06:38.527,2.3771,2.3775,2.40,0.80
2007.04.26 15:06:38.877,2.3772,2.3776,7.90,9.60
2007.04.26 15:06:39.108,2.3771,2.3776,4.00,12.80
2007.04.26 15:06:39.351,2.3771,2.3776,8.00,10.40
2007.04.26 15:06:39.646,2.3771,2.3775,9.60,0.70
2007.04.26 15:06:39.945,2.3772,2.3776,0.80,8.00
2007.04.26 15:06:40.386,2.3772,2.3777,3.20,0.60
2007.04.26 15:06:40.644,2.3772,2.3777,3.20,0.80
2007.04.26 15:06:41.009,2.3772,2.3778,7.20,8.00
2007.04.26 15:06:41.673,2.3772,2.37775,3.20,4.80
2007.04.26 15:06:41.888,2.3771,2.37765,12.80,5.60
2007.04.26 15:06:42.128,2.3771,2.3776,9.60,0.80
2007.04.26 15:06:42.337,2.3771,2.37765,11.20,5.60
2007.04.26 15:06:42.632,2.3771,2.3777,19.90,16.80
2007.04.26 15:06:42.919,2.3771,2.37765,19.90,7.20
2007.04.26 15:06:43.232,2.3773,2.3776,4.00,0.70
2007.04.26 15:06:43.590,2.3773,2.3776,6.40,0.70
2007.04.26 15:06:43.844,2.3773,2.3776,6.40,0.80
2007.04.26 15:06:44.062,2.3773,2.3776,6.40,0.60
2007.04.26 15:06:44.663,2.3773,2.3776,2.40,8.80
2007.04.26 15:06:44.886,2.3771,2.3775,7.20,0.80
2007.04.26 15:06:45.377,2.3771,2.3775,0.80,0.80
2007.04.26 15:06:45.669,2.37705,2.3775,2.40,0.80
2007.04.26 15:06:46.712,2.37705,2.3775,2.40,0.60
2007.04.26 15:06:46.969,2.37705,2.3774,2.40,0.80
2007.04.26 15:06:47.572,2.377,2.3775,0.80,13.20
2007.04.26 15:06:48.126,2.377,2.37745,0.80,12.80
2007.04.26 15:06:48.367,2.3769,2.3773,16.30,0.80
2007.04.26 15:06:48.631,2.3769,2.3774,14.30,14.00
2007.04.26 15:06:48.994,2.3769,2.3774,14.30,13.20
2007.04.26 15:06:49.268,2.3769,2.3774,14.30,13.20
2007.04.26 15:06:49.476,2.3769,2.3774,6.40,11.60
2007.04.26 15:06:50.012,2.3769,2.3774,7.20,15.60
2007.04.26 15:06:50.323,2.3769,2.3774,7.20,17.20
2007.04.26 15:06:50.691,2.3769,2.3773,6.40,0.50
2007.04.26 15:06:50.899,2.3768,2.3773,18.30,0.50
2007.04.26 15:06:51.132,2.3768,2.37735,18.30,17.60
2007.04.26 15:06:51.689,2.3768,2.3773,20.70,0.80
2007.04.26 15:06:51.972,2.3768,2.37735,23.10,17.60
2007.04.26 15:06:52.214,2.3768,2.37735,25.50,16.00
2007.04.26 15:06:52.433,2.3768,2.3773,25.50,0.60
2007.04.26 15:06:53.022,2.3769,2.3773,0.80,0.80
2007.04.26 15:06:53.692,2.3769,2.37735,0.80,5.60
2007.04.26 15:06:53.898,2.3769,2.3774,0.80,0.90
2007.04.26 15:06:54.164,2.3769,2.3775,0.80,26.80
2007.04.26 15:06:54.415,2.3769,2.3774,0.80,0.60
2007.04.26 15:06:54.684,2.3769,2.3775,11.90,20.00
2007.04.26 15:06:54.923,2.3769,2.3774,11.90,0.50
2007.04.26 15:06:55.196,2.3769,2.3775,11.90,19.20
2007.04.26 15:06:55.491,2.3769,2.3775,11.90,17.60
2007.04.26 15:06:56.380,2.3769,2.3775,11.90,16.80
2007.04.26 15:06:56.604,2.3769,2.3774,13.50,0.60
2007.04.26 15:06:56.876,2.377,2.3774,0.80,0.70
2007.04.26 15:06:57.103,2.377,2.3774,0.80,0.80
2007.04.26 15:06:57.327,2.377,2.3774,2.40,0.60
2007.04.26 15:06:57.536,2.377,2.3774,3.20,0.90
2007.04.26 15:06:58.628,2.37705,2.3774,2.40,0.80
2007.04.26 15:07:00.032,2.3771,2.3774,4.00,0.50
2007.04.26 15:07:00.698,2.3771,2.3776,4.80,10.40
2007.04.26 15:07:00.913,2.3771,2.3776,9.60,0.60
2007.04.26 15:07:01.162,2.3771,2.37765,12.80,14.80
2007.04.26 15:07:01.592,2.3771,2.3776,12.80,0.80
2007.04.26 15:07:01.931,2.3771,2.3775,12.80,0.70
2007.04.26 15:07:02.688,2.3771,2.3776,20.70,6.80
2007.04.26 15:07:02.966,2.3771,2.3776,19.90,0.80
2007.04.26 15:07:03.231,2.3772,2.3776,0.80,0.90
2007.04.26 15:07:04.275,2.3772,2.3778,4.00,21.20
2007.04.26 15:07:06.675,2.3772,2.3777,4.00,10.40
2007.04.26 15:07:07.213,2.3772,2.3776,4.00,11.20
2007.04.26 15:07:07.494,2.3772,2.3776,0.80,0.90
2007.04.26 15:07:07.936,2.3772,2.3776,0.80,0.90
2007.04.26 15:07:08.184,2.3772,2.3775,0.80,0.90
2007.04.26 15:07:08.484,2.37715,2.3775,2.40,0.60
2007.04.26 15:07:08.687,2.37715,2.3775,2.40,0.90
2007.04.26 15:07:09.021,2.37715,2.3777,2.40,24.30
2007.04.26 15:07:09.305,2.3771,2.37765,8.00,10.40
2007.04.26 15:07:10.017,2.3771,2.3776,6.40,8.80
2007.04.26 15:07:11.013,2.3771,2.3776,8.00,0.60
2007.04.26 15:07:13.340,2.3771,2.37765,10.40,10.40
2007.04.26 15:07:13.549,2.3771,2.3776,18.30,0.50
2007.04.26 15:07:14.667,2.3772,2.37765,0.80,9.60
2007.04.26 15:07:14.931,2.3772,2.3776,0.80,0.80
2007.04.26 15:07:19.212,2.3772,2.3776,4.80,2.40
2007.04.26 15:07:22.263,2.37715,2.3776,2.40,3.20
2007.04.26 15:07:22.825,2.3772,2.3776,0.80,6.40
2007.04.26 15:07:23.351,2.3772,2.3776,0.80,2.40
2007.04.26 15:07:24.643,2.3772,2.3776,0.80,2.40
2007.04.26 15:07:25.674,2.37715,2.3776,2.40,3.20
2007.04.26 15:07:26.006,2.37715,2.3776,2.40,7.20
2007.04.26 15:07:26.947,2.37715,2.3776,2.40,9.60
2007.04.26 15:07:27.163,2.37715,2.3776,2.40,14.40
2007.04.26 15:07:27.393,2.37715,2.3775,2.40,4.00
2007.04.26 15:07:27.920,2.377,2.3775,7.20,4.00
2007.04.26 15:07:30.299,2.3771,2.3775,4.00,4.00
2007.04.26 15:07:30.534,2.3771,2.37755,4.80,3.20
2007.04.26 15:07:35.719,2.3771,2.3775,0.80,1.60
2007.04.26 15:07:35.934,2.37705,2.3775,2.40,2.40
2007.04.26 15:07:36.644,2.37705,2.3774,2.40,2.40
2007.04.26 15:07:38.012,2.377,2.3774,0.80,2.40
2007.04.26 15:07:38.778,2.3771,2.3774,4.80,0.80
2007.04.26 15:07:38.980,2.3772,2.37745,0.80,3.20
2007.04.26 15:07:39.297,2.3773,2.37745,4.00,3.20
2007.04.26 15:07:39.504,2.3773,2.37755,4.80,3.20
2007.04.26 15:07:39.828,2.3773,2.3777,4.80,4.80
2007.04.26 15:07:40.088,2.3773,2.37775,4.80,3.20
2007.04.26 15:07:43.758,2.3774,2.37775,0.80,3.20
2007.04.26 15:07:43.973,2.3775,2.37775,4.00,3.20
2007.04.26 15:07:44.835,2.3773,2.37775,4.80,3.20
2007.04.26 15:07:45.702,2.3775,2.37775,0.80,3.20
2007.04.26 15:07:46.093,2.3775,2.37775,4.80,3.20
2007.04.26 15:07:46.413,2.3775,2.3778,0.80,3.20
2007.04.26 15:07:46.779,2.3775,2.3778,0.80,4.80
2007.04.26 15:07:47.475,2.3775,2.3778,0.80,4.00
2007.04.26 15:07:47.766,2.3774,2.3777,6.40,0.80
2007.04.26 15:07:48.061,2.3774,2.3778,4.80,1.60
2007.04.26 15:07:48.292,2.3774,2.37785,0.80,3.20
2007.04.26 15:07:50.345,2.3774,2.3779,7.20,3.20
2007.04.26 15:08:01.746,2.3775,2.3779,4.80,2.40
2007.04.26 15:08:08.009,2.3775,2.3778,4.80,1.60
2007.04.26 15:08:08.223,2.3775,2.3778,4.80,4.80
2007.04.26 15:08:08.443,2.3775,2.3778,4.80,2.40
2007.04.26 15:08:08.707,2.3775,2.3778,4.80,0.80
2007.04.26 15:08:08.940,2.3775,2.37795,14.30,3.20
2007.04.26 15:08:09.291,2.3775,2.37795,15.90,3.20
2007.04.26 15:08:09.510,2.3776,2.378,2.40,12.00
2007.04.26 15:08:09.714,2.3776,2.378,6.40,12.80
2007.04.26 15:08:10.062,2.3776,2.378,4.00,16.00
2007.04.26 15:08:10.277,2.3775,2.378,15.10,16.00
2007.04.26 15:08:12.737,2.3775,2.378,11.10,13.60
2007.04.26 15:08:12.991,2.3775,2.378,3.20,17.60
2007.04.26 15:08:13.732,2.3775,2.378,3.20,16.80
2007.04.26 15:08:13.948,2.3775,2.378,3.20,15.20
2007.04.26 15:08:14.310,2.3775,2.378,0.80,20.00
2007.04.26 15:08:14.728,2.3775,2.378,3.20,20.00
2007.04.26 15:08:16.059,2.3775,2.378,1.60,20.00
2007.04.26 15:08:16.438,2.3775,2.3779,0.80,1.60
2007.04.26 15:08:16.686,2.3775,2.3779,0.80,3.20
2007.04.26 15:08:16.898,2.3775,2.3779,0.80,4.80
2007.04.26 15:08:17.105,2.3775,2.3779,0.80,8.00
2007.04.26 15:08:17.425,2.3775,2.3779,0.80,9.60
2007.04.26 15:08:17.673,2.37745,2.3779,2.40,10.40
2007.04.26 15:08:17.909,2.37745,2.3779,2.40,6.40
2007.04.26 15:08:18.133,2.37745,2.3779,2.40,3.20
2007.04.26 15:08:18.386,2.3775,2.3779,0.80,0.80
2007.04.26 15:08:18.709,2.3775,2.37795,0.80,3.20
2007.04.26 15:08:18.921,2.3776,2.37795,4.00,3.20
2007.04.26 15:08:19.748,2.3776,2.37795,4.80,3.20
2007.04.26 15:08:19.977,2.3776,2.37805,4.80,3.20
2007.04.26 15:08:20.742,2.3776,2.3781,6.40,4.80
2007.04.26 15:08:20.981,2.3776,2.3781,6.40,6.40
2007.04.26 15:08:21.744,2.3776,2.3781,6.40,5.60
2007.04.26 15:08:22.048,2.3776,2.378,4.00,3.20
2007.04.26 15:08:22.653,2.3776,2.37805,4.00,3.20
2007.04.26 15:08:24.735,2.3775,2.37805,7.20,3.20
2007.04.26 15:08:25.732,2.3775,2.378,7.20,0.80
2007.04.26 15:08:26.391,2.3775,2.378,8.00,4.00
2007.04.26 15:08:29.366,2.3775,2.378,8.00,6.00
2007.04.26 15:08:29.573,2.3775,2.3779,7.20,0.80
2007.04.26 15:08:29.820,2.3775,2.3779,7.20,6.40
2007.04.26 15:08:30.037,2.3775,2.3777,7.20,4.00
2007.04.26 15:08:30.719,2.3775,2.3777,0.80,4.00
2007.04.26 15:08:30.931,2.3774,2.3777,7.20,4.00
2007.04.26 15:08:30.955,2.3773,2.3777,10.40,4.00
2007.04.26 15:08:31.393,2.3773,2.3777,6.40,4.00
2007.04.26 15:08:31.630,2.3773,2.3777,4.00,4.00
2007.04.26 15:08:33.380,2.37725,2.3777,6.40,4.00
2007.04.26 15:08:33.710,2.37725,2.3778,6.40,5.60
2007.04.26 15:08:35.279,2.3773,2.3778,1.20,6.40
2007.04.26 15:08:36.705,2.3773,2.3778,1.60,4.80
2007.04.26 15:08:36.925,2.3773,2.3778,12.00,3.20
2007.04.26 15:08:38.365,2.3773,2.3778,12.00,3.20
2007.04.26 15:08:38.608,2.3773,2.3778,21.10,3.20
2007.04.26 15:08:38.863,2.37745,2.3779,3.20,4.00
2007.04.26 15:08:41.273,2.3775,2.378,0.80,4.00
2007.04.26 15:08:41.797,2.3774,2.378,28.30,0.80
2007.04.26 15:08:43.012,2.37745,2.3779,4.00,1.60
2007.04.26 15:08:43.221,2.37745,2.3779,4.00,4.80
2007.04.26 15:08:43.437,2.3775,2.3777,0.60,4.00
2007.04.26 15:08:43.658,2.37745,2.3777,3.20,4.80
2007.04.26 15:08:43.980,2.3775,2.3777,0.80,0.80
2007.04.26 15:08:44.246,2.3775,2.3778,0.80,3.20
2007.04.26 15:08:44.481,2.3774,2.3778,0.80,3.20
2007.04.26 15:08:44.689,2.3775,2.3778,0.80,3.20
2007.04.26 15:08:46.651,2.3774,2.37785,5.60,3.20
2007.04.26 15:08:50.583,2.3774,2.3778,1.60,4.00
2007.04.26 15:08:51.190,2.37735,2.3778,4.00,4.00
2007.04.26 15:08:53.650,2.37735,2.3778,8.00,4.00
2007.04.26 15:08:53.889,2.3775,2.3779,1.00,7.20
2007.04.26 15:08:54.235,2.37745,2.3779,4.00,4.00
2007.04.26 15:08:55.142,2.3774,2.3779,12.00,7.20
2007.04.26 15:08:55.842,2.3774,2.3779,12.00,8.00
2007.04.26 15:08:56.970,2.3773,2.3779,30.70,8.00
2007.04.26 15:08:57.638,2.3773,2.3779,31.50,8.00
2007.04.26 15:08:57.891,2.3775,2.3779,0.80,7.20
2007.04.26 15:08:58.149,2.37745,2.3779,4.00,4.00
2007.04.26 15:09:00.868,2.3776,2.3779,4.00,4.00
2007.04.26 15:09:01.310,2.3776,2.378,4.00,10.40
2007.04.26 15:09:01.554,2.3776,2.378,4.00,11.20
2007.04.26 15:09:01.800,2.3776,2.378,4.00,10.40
2007.04.26 15:09:02.620,2.3776,2.378,4.00,8.80
2007.04.26 15:09:02.926,2.37755,2.378,2.40,4.80
2007.04.26 15:09:03.170,2.37755,2.3779,2.40,0.80
2007.04.26 15:09:03.825,2.3775,2.3779,0.80,0.80
2007.04.26 15:09:04.038,2.3775,2.378,1.60,15.20
2007.04.26 15:09:04.612,2.3775,2.3779,1.60,3.20
2007.04.26 15:09:06.175,2.3775,2.378,1.60,15.20
2007.04.26 15:09:06.407,2.3775,2.378,1.60,17.20
2007.04.26 15:09:06.960,2.3775,2.3779,0.80,0.80
2007.04.26 15:09:07.180,2.3774,2.3779,14.40,4.00
2007.04.26 15:09:07.928,2.3776,2.3779,4.00,3.20
2007.04.26 15:09:08.292,2.3776,2.3779,1.00,3.20
2007.04.26 15:09:08.828,2.3774,2.3779,20.40,3.20
2007.04.26 15:09:09.086,2.3775,2.378,4.40,10.40
2007.04.26 15:09:09.503,2.3774,2.378,20.40,10.40
2007.04.26 15:09:09.726,2.37745,2.378,8.00,10.40
2007.04.26 15:09:10.945,2.37745,2.3779,8.00,2.40
2007.04.26 15:09:11.812,2.3774,2.3779,16.80,2.40
2007.04.26 15:09:12.386,2.3775,2.3779,1.00,5.60
2007.04.26 15:09:12.841,2.3775,2.3779,2.60,5.60
2007.04.26 15:09:13.371,2.3774,2.3779,12.80,2.40
2007.04.26 15:09:13.866,2.3775,2.3779,2.00,2.40
2007.04.26 15:09:14.748,2.3774,2.3779,9.60,5.60
2007.04.26 15:09:16.140,2.3775,2.3778,1.60,2.40
2007.04.26 15:09:21.246,2.37735,2.3778,3.20,3.20
2007.04.26 15:09:21.572,2.3773,2.3778,9.60,10.40
2007.04.26 15:09:21.920,2.3774,2.3777,0.80,2.40
2007.04.26 15:09:23.904,2.3773,2.3777,5.60,0.80
2007.04.26 15:09:24.116,2.3773,2.3778,15.50,7.20
2007.04.26 15:09:24.457,2.3774,2.3778,0.80,4.00
2007.04.26 15:09:30.028,2.3773,2.3778,3.80,4.80
2007.04.26 15:09:30.246,2.3773,2.3778,2.90,8.00
2007.04.26 15:09:30.463,2.37725,2.3778,4.00,10.00
2007.04.26 15:09:30.758,2.37725,2.3777,4.00,4.00
2007.04.26 15:09:37.100,2.3773,2.3777,0.80,8.00
2007.04.26 15:09:37.378,2.3773,2.37765,0.80,3.20
2007.04.26 15:09:38.046,2.3773,2.3776,0.80,3.20
2007.04.26 15:09:40.432,2.3773,2.3776,0.80,5.60
2007.04.26 15:09:40.638,2.3773,2.3775,0.80,4.80
2007.04.26 15:09:40.852,2.377,2.3775,4.80,8.80
2007.04.26 15:09:42.750,2.37695,2.3775,2.40,19.90
2007.04.26 15:09:42.995,2.377,2.3775,0.80,10.40
2007.04.26 15:09:43.842,2.377,2.3775,7.20,7.20
2007.04.26 15:09:47.524,2.377,2.3775,3.20,7.20
2007.04.26 15:09:47.851,2.377,2.3775,0.80,10.40
2007.04.26 15:09:50.843,2.3771,2.3775,0.80,10.40
2007.04.26 15:09:51.084,2.3771,2.3775,2.40,10.40
2007.04.26 15:09:51.842,2.3771,2.3775,2.40,4.80
2007.04.26 15:09:52.091,2.3771,2.3775,0.80,4.80
2007.04.26 15:09:52.316,2.377,2.3774,8.80,0.80
2007.04.26 15:09:52.641,2.377,2.3775,9.60,4.00
2007.04.26 15:09:52.895,2.3771,2.37755,0.80,3.20
2007.04.26 15:09:53.108,2.3773,2.37755,0.80,3.20
2007.04.26 15:09:53.639,2.3773,2.3777,0.80,6.40
2007.04.26 15:09:53.848,2.3773,2.3776,0.80,4.00
2007.04.26 15:09:54.145,2.37725,2.3776,2.40,4.00
2007.04.26 15:09:54.658,2.37725,2.3776,2.40,4.80
2007.04.26 15:09:54.925,2.3772,2.3776,6.40,4.80
2007.04.26 15:09:55.185,2.3772,2.3776,14.30,0.80
2007.04.26 15:09:55.473,2.3773,2.37765,0.80,3.20
2007.04.26 15:09:57.516,2.3773,2.3777,0.80,4.00
2007.04.26 15:09:59.164,2.3773,2.37775,0.80,3.20
2007.04.26 15:09:59.827,2.3774,2.37775,0.80,3.20
2007.04.26 15:10:00.073,2.3774,2.37775,2.40,3.20
2007.04.26 15:10:00.350,2.3774,2.37775,0.80,3.20
2007.04.26 15:10:00.589,2.37725,2.37775,2.40,3.20
2007.04.26 15:10:01.042,2.37735,2.3778,2.40,9.50
2007.04.26 15:10:01.818,2.37725,2.3778,2.40,12.70
2007.04.26 15:10:02.692,2.37725,2.3777,2.40,4.80
2007.04.26 15:10:03.143,2.37725,2.3777,2.40,4.00
2007.04.26 15:10:03.395,2.3773,2.3778,0.80,4.80
2007.04.26 15:10:03.684,2.3773,2.3778,0.80,4.00
2007.04.26 15:10:03.906,2.37725,2.3778,2.40,4.00
2007.04.26 15:10:04.143,2.37725,2.3778,2.40,12.70
2007.04.26 15:10:06.438,2.37725,2.3777,2.40,0.80
2007.04.26 15:10:06.657,2.3772,2.3776,7.20,2.40
2007.04.26 15:10:06.959,2.3772,2.3776,4.00,2.40
2007.04.26 15:10:07.170,2.3772,2.3776,5.60,2.40
2007.04.26 15:10:07.828,2.3772,2.3776,4.80,2.40
2007.04.26 15:10:08.068,2.3772,2.3776,3.20,2.40
2007.04.26 15:10:08.823,2.3772,2.3776,1.60,3.20
2007.04.26 15:10:09.032,2.37715,2.3776,2.40,11.10
2007.04.26 15:10:09.651,2.37715,2.3776,2.40,3.20
2007.04.26 15:10:10.354,2.37715,2.3775,2.40,0.80
2007.04.26 15:10:10.822,2.37715,2.3775,2.40,7.20
2007.04.26 15:10:10.830,2.37715,2.3776,2.40,20.30
2007.04.26 15:10:11.148,2.37715,2.3775,2.40,0.50
2007.04.26 15:10:11.356,2.377,2.3775,10.40,0.50
2007.04.26 15:10:11.811,2.377,2.3775,10.40,0.50
2007.04.26 15:10:12.111,2.377,2.3774,9.60,0.80
2007.04.26 15:10:13.724,2.377,2.3774,8.00,0.80
2007.04.26 15:10:13.929,2.377,2.3774,4.80,0.80
2007.04.26 15:10:14.800,2.377,2.37745,3.20,4.00
2007.04.26 15:10:15.076,2.377,2.3774,2.40,0.80
2007.04.26 15:10:16.447,2.3771,2.37745,1.60,4.00
2007.04.26 15:10:16.659,2.3771,2.37745,2.40,4.00
2007.04.26 15:10:17.135,2.3771,2.37755,2.40,6.40
2007.04.26 15:10:17.369,2.3771,2.37755,2.40,5.60
2007.04.26 15:10:17.671,2.3771,2.37755,8.80,0.80
2007.04.26 15:10:17.974,2.3772,2.3777,0.80,10.40
2007.04.26 15:10:18.215,2.3772,2.37755,2.40,0.60
2007.04.26 15:10:18.702,2.3773,2.3777,2.40,10.40
2007.04.26 15:10:19.489,2.3773,2.3777,3.20,1.60
2007.04.26 15:10:19.692,2.3773,2.3778,3.20,10.80
2007.04.26 15:10:20.142,2.3774,2.3777,0.80,0.90
2007.04.26 15:10:20.414,2.3774,2.3777,1.60,0.90
2007.04.26 15:10:20.818,2.3774,2.3778,2.40,5.60
2007.04.26 15:10:21.162,2.3774,2.3778,3.20,5.60
2007.04.26 15:10:21.450,2.3774,2.3778,2.40,8.40
2007.04.26 15:10:21.954,2.3774,2.3777,0.80,0.60
2007.04.26 15:10:22.209,2.37725,2.3778,2.40,8.40
2007.04.26 15:10:22.484,2.37725,2.3778,2.40,25.00
2007.04.26 15:10:23.807,2.37725,2.3777,2.40,0.90
2007.04.26 15:10:24.108,2.37725,2.3777,2.40,0.60
2007.04.26 15:10:24.807,2.37725,2.3778,2.40,28.20
2007.04.26 15:10:25.093,2.37725,2.3777,2.40,0.90
2007.04.26 15:10:25.466,2.3772,2.3778,0.80,31.40
2007.04.26 15:10:27.444,2.3773,2.3778,0.80,18.80
2007.04.26 15:10:27.675,2.3773,2.3777,1.60,0.60
2007.04.26 15:10:28.105,2.3773,2.3778,3.20,10.80
2007.04.26 15:10:28.336,2.3773,2.3777,3.20,0.80
2007.04.26 15:10:28.644,2.3773,2.3778,3.20,0.70
2007.04.26 15:10:31.804,2.3773,2.3778,3.20,10.80
2007.04.26 15:10:32.800,2.3773,2.37775,2.40,0.70
2007.04.26 15:10:33.063,2.3773,2.3778,0.80,10.80
2007.04.26 15:10:43.884,2.3773,2.37775,5.60,3.20
2007.04.26 15:10:44.107,2.3774,2.37775,0.80,3.20
2007.04.26 15:10:44.374,2.3774,2.3778,7.20,2.40
2007.04.26 15:10:45.337,2.3774,2.3778,0.80,2.40
2007.04.26 15:10:45.752,2.3774,2.3778,0.80,0.80
2007.04.26 15:10:45.897,2.3774,2.3779,0.80,5.60
2007.04.26 15:10:46.041,2.3774,2.3779,0.80,0.90
2007.04.26 15:10:46.424,2.3774,2.3779,0.80,0.80
2007.04.26 15:10:46.692,2.37735,2.3778,2.40,0.80
2007.04.26 15:10:47.183,2.37735,2.3776,2.40,0.80
2007.04.26 15:10:47.632,2.37735,2.3778,2.40,0.80
2007.04.26 15:10:47.900,2.37735,2.3778,2.40,0.90
2007.04.26 15:10:48.154,2.37735,2.3779,2.40,15.60
2007.04.26 15:10:48.694,2.3773,2.37785,23.10,12.80
2007.04.26 15:10:49.174,2.3773,2.37785,23.10,13.60
2007.04.26 15:10:49.739,2.3773,2.37785,24.70,12.80
2007.04.26 15:10:50.030,2.3773,2.37785,25.50,7.20
2007.04.26 15:10:50.240,2.3775,2.37785,0.80,8.80
2007.04.26 15:10:50.690,2.3774,2.37785,4.00,8.80
2007.04.26 15:10:50.995,2.3773,2.37785,23.90,4.00
2007.04.26 15:10:51.736,2.3775,2.3778,4.80,0.80
2007.04.26 15:10:52.027,2.3775,2.378,7.20,14.40
2007.04.26 15:10:52.263,2.3776,2.37785,0.80,0.90
2007.04.26 15:10:52.862,2.3776,2.378,0.80,0.70
2007.04.26 15:10:59.060,2.3776,2.3781,2.40,10.40
2007.04.26 15:10:59.282,2.3776,2.3781,3.20,10.40
2007.04.26 15:10:59.701,2.3776,2.3781,3.20,0.50
2007.04.26 15:11:00.034,2.3776,2.3782,3.20,14.00
2007.04.26 15:11:00.369,2.3776,2.3781,3.20,0.50
2007.04.26 15:11:01.247,2.3776,2.3782,7.20,10.80
2007.04.26 15:11:01.704,2.3776,2.37815,9.60,4.00
2007.04.26 15:11:04.022,2.3776,2.37815,8.80,4.00
2007.04.26 15:11:04.238,2.3776,2.37815,7.20,4.00
2007.04.26 15:11:04.580,2.3776,2.3781,7.20,0.50
2007.04.26 15:11:04.954,2.3776,2.37815,6.40,17.50
2007.04.26 15:11:05.597,2.3776,2.37815,6.40,19.10
2007.04.26 15:11:05.916,2.3776,2.3781,4.00,19.10
2007.04.26 15:11:06.207,2.3776,2.378,4.00,0.70
2007.04.26 15:11:06.454,2.3775,2.37805,13.60,7.20
2007.04.26 15:11:06.664,2.3775,2.37805,9.60,8.80
2007.04.26 15:11:07.011,2.3775,2.37805,8.80,10.40
2007.04.26 15:11:07.340,2.3775,2.3781,6.40,23.10
2007.04.26 15:11:07.666,2.3775,2.3781,6.40,23.10
2007.04.26 15:11:08.007,2.3775,2.378,2.40,0.80
2007.04.26 15:11:09.311,2.3775,2.378,6.40,0.80
2007.04.26 15:11:09.525,2.3775,2.3781,8.80,21.50
2007.04.26 15:11:11.356,2.3776,2.37805,0.80,0.60
2007.04.26 15:11:12.014,2.3776,2.3781,1.60,8.80
2007.04.26 15:11:12.278,2.3776,2.378,2.40,0.60
2007.04.26 15:11:12.513,2.3776,2.3781,3.20,8.80
2007.04.26 15:11:13.290,2.3776,2.3781,5.60,8.80
2007.04.26 15:11:13.677,2.3776,2.3781,3.20,8.80
2007.04.26 15:11:16.217,2.37755,2.3781,5.60,8.80
2007.04.26 15:11:17.650,2.3775,2.3781,29.90,8.80
2007.04.26 15:11:18.921,2.3776,2.3781,0.50,8.80
2007.04.26 15:11:23.985,2.37755,2.3781,5.60,8.00
2007.04.26 15:11:24.325,2.3776,2.3781,0.80,6.40
2007.04.26 15:11:24.542,2.37775,2.3781,1.10,3.20
2007.04.26 15:11:24.887,2.37775,2.3783,1.20,21.50
2007.04.26 15:11:25.430,2.3776,2.3782,13.60,3.20
2007.04.26 15:11:28.511,2.37765,2.3782,4.00,3.20
2007.04.26 15:11:28.798,2.3777,2.3782,1.60,3.20
2007.04.26 15:11:29.253,2.3777,2.3782,1.10,3.20
2007.04.26 15:11:29.508,2.3776,2.37825,13.60,3.20
2007.04.26 15:11:33.087,2.3777,2.3782,1.70,0.80
2007.04.26 15:11:33.309,2.3777,2.3782,4.10,2.40
2007.04.26 15:11:33.595,2.3776,2.3781,13.60,2.40
2007.04.26 15:11:33.877,2.3777,2.3781,6.50,0.80
2007.04.26 15:11:34.133,2.3776,2.3782,29.90,3.20
2007.04.26 15:11:34.426,2.3777,2.3782,0.60,1.60
2007.04.26 15:11:34.647,2.3777,2.37825,23.50,3.20
2007.04.26 15:11:34.967,2.37775,2.3783,3.20,10.40
2007.04.26 15:11:35.301,2.3778,2.3783,0.80,12.00
2007.04.26 15:11:35.585,2.3777,2.3782,21.50,0.80
2007.04.26 15:11:37.517,2.3777,2.3782,8.80,1.60
2007.04.26 15:11:37.727,2.3777,2.3782,1.30,2.40
2007.04.26 15:11:37.962,2.3777,2.378,1.20,0.80
2007.04.26 15:11:39.047,2.3775,2.378,26.30,0.80
2007.04.26 15:11:39.586,2.3775,2.378,10.00,0.80
2007.04.26 15:11:40.282,2.3775,2.378,25.50,0.80
2007.04.26 15:11:40.503,2.3778,2.37805,8.00,3.20
2007.04.26 15:11:40.709,2.3778,2.37805,15.90,3.20
2007.04.26 15:11:40.954,2.3779,2.37805,4.00,3.20
2007.04.26 15:11:41.470,2.3779,2.37805,10.70,3.20
2007.04.26 15:11:41.755,2.3776,2.37805,12.00,3.20
2007.04.26 15:11:42.084,2.3776,2.37825,16.80,3.20
2007.04.26 15:11:42.526,2.3776,2.37825,9.60,3.20
2007.04.26 15:11:42.767,2.37775,2.3781,1.60,0.80
2007.04.26 15:11:42.993,2.3777,2.3782,6.40,2.40
2007.04.26 15:11:43.280,2.3777,2.3782,6.40,3.20
2007.04.26 15:11:43.539,2.37775,2.3781,1.40,1.60
2007.04.26 15:11:43.794,2.3777,2.3781,6.40,2.40
2007.04.26 15:11:44.345,2.37775,2.3781,0.70,11.10
2007.04.26 15:11:44.564,2.3777,2.3781,6.40,16.70
2007.04.26 15:11:44.825,2.3775,2.378,2.30,3.20
2007.04.26 15:11:45.411,2.3775,2.3779,4.00,0.80
2007.04.26 15:11:45.623,2.3775,2.3778,4.00,1.60
2007.04.26 15:11:45.866,2.37745,2.3778,2.40,0.80
2007.04.26 15:11:46.105,2.37745,2.378,2.40,10.40
2007.04.26 15:11:46.833,2.3774,2.3779,3.20,3.20
2007.04.26 15:11:47.273,2.3774,2.37795,9.60,3.20
2007.04.26 15:11:48.922,2.3775,2.37795,4.00,3.20
2007.04.26 15:11:49.597,2.3775,2.37805,10.40,3.20
2007.04.26 15:11:49.933,2.3775,2.37805,12.00,3.20
2007.04.26 15:11:50.194,2.3775,2.37805,12.80,3.20
2007.04.26 15:11:51.140,2.3778,2.378,4.00,3.20
2007.04.26 15:11:51.593,2.3776,2.378,0.80,3.20
2007.04.26 15:11:51.808,2.3776,2.378,7.90,3.20
2007.04.26 15:11:52.014,2.3777,2.378,4.00,3.20
2007.04.26 15:11:52.263,2.3778,2.378,2.40,3.20
2007.04.26 15:11:52.461,2.3778,2.378,3.20,3.20
2007.04.26 15:11:52.545,2.3777,2.378,7.20,3.20
2007.04.26 15:11:52.676,2.3777,2.378,9.60,3.20
2007.04.26 15:11:52.918,2.3778,2.378,1.50,3.20
2007.04.26 15:11:53.167,2.3778,2.378,0.50,3.20
2007.04.26 15:11:53.515,2.37765,2.3782,4.80,10.00
2007.04.26 15:11:54.187,2.3777,2.3782,1.60,10.00
2007.04.26 15:11:54.493,2.3777,2.3782,0.90,10.00
2007.04.26 15:11:54.917,2.3779,2.3782,1.60,3.20
2007.04.26 15:11:55.542,2.3777,2.3782,22.30,3.20
2007.04.26 15:11:55.771,2.3779,2.3782,1.70,3.20
2007.04.26 15:11:56.240,2.3778,2.3784,14.40,0.80
2007.04.26 15:11:56.461,2.3778,2.3784,8.00,2.40
2007.04.26 15:11:56.868,2.3779,2.3783,1.50,4.00
2007.04.26 15:11:57.910,2.37785,2.3783,1.50,4.00
2007.04.26 15:12:01.479,2.378,2.3785,0.80,25.50
2007.04.26 15:12:01.691,2.37795,2.3783,0.90,4.00
2007.04.26 15:12:01.939,2.37795,2.3783,4.80,4.00
2007.04.26 15:12:07.864,2.3779,2.37835,8.00,3.20
2007.04.26 15:12:08.112,2.378,2.3784,0.50,0.80
2007.04.26 15:12:11.857,2.3779,2.37835,8.00,3.20
2007.04.26 15:12:14.511,2.3779,2.3783,7.20,4.00
2007.04.26 15:12:14.780,2.3779,2.3783,8.80,4.00
2007.04.26 15:12:15.000,2.37785,2.3783,3.20,4.80
2007.04.26 15:12:15.236,2.37775,2.3783,4.00,8.00
2007.04.26 15:12:15.517,2.3778,2.3783,1.10,8.00
2007.04.26 15:12:16.169,2.3778,2.3783,1.40,7.20
2007.04.26 15:12:16.460,2.37775,2.3783,0.50,7.20
2007.04.26 15:12:17.498,2.37775,2.3783,6.40,7.20
2007.04.26 15:12:17.832,2.3778,2.3783,2.00,7.20
2007.04.26 15:12:18.494,2.3777,2.3783,23.90,4.00
2007.04.26 15:12:18.717,2.3779,2.3783,0.60,4.00
2007.04.26 15:12:19.000,2.3779,2.3783,0.60,4.00
2007.04.26 15:12:19.426,2.3779,2.3784,6.00,3.20
2007.04.26 15:12:19.923,2.37795,2.3785,3.20,22.30
2007.04.26 15:12:20.717,2.37795,2.3785,3.20,22.20
2007.04.26 15:12:20.977,2.3779,2.3783,4.80,4.00
2007.04.26 15:12:21.286,2.37785,2.3783,4.00,4.00
2007.04.26 15:12:21.523,2.3778,2.3783,8.80,4.00
2007.04.26 15:12:22.024,2.3778,2.3783,9.60,12.70
2007.04.26 15:12:22.495,2.37775,2.3783,3.20,15.90
2007.04.26 15:12:25.785,2.3778,2.3782,0.80,2.40
2007.04.26 15:12:28.425,2.3777,2.3782,14.40,3.20
2007.04.26 15:12:29.134,2.3777,2.3782,13.60,14.30
2007.04.26 15:12:29.342,2.3777,2.3782,8.80,15.10
2007.04.26 15:12:30.283,2.3777,2.3783,11.20,25.10
2007.04.26 15:12:30.300,2.3777,2.3782,0.80,0.70
2007.04.26 15:12:31.806,2.3777,2.37815,0.80,0.80
2007.04.26 15:12:32.122,2.3776,2.3782,12.40,15.90
2007.04.26 15:12:32.370,2.3776,2.3782,17.20,11.20
2007.04.26 15:12:32.795,2.3778,2.3783,3.20,15.50
2007.04.26 15:12:33.000,2.3779,2.3782,0.80,0.80
2007.04.26 15:12:33.224,2.3779,2.3782,0.50,0.70
2007.04.26 15:12:33.452,2.3779,2.3784,0.70,0.70
2007.04.26 15:12:33.661,2.3779,2.3784,0.90,0.90
2007.04.26 15:12:34.362,2.3779,2.3784,0.50,0.50
2007.04.26 15:12:34.798,2.3778,2.37845,12.40,6.40
2007.04.26 15:12:35.457,2.3778,2.37845,12.40,8.00
2007.04.26 15:12:35.696,2.3778,2.3784,9.60,12.00
2007.04.26 15:12:36.004,2.3778,2.3784,8.80,15.20
2007.04.26 15:12:36.211,2.3778,2.3784,8.80,20.80
2007.04.26 15:12:36.705,2.3778,2.3783,0.80,0.60
2007.04.26 15:12:38.373,2.3777,2.3784,22.70,25.20
2007.04.26 15:12:40.434,2.3778,2.3784,3.20,26.00
2007.04.26 15:12:43.410,2.3779,2.3784,1.60,27.60
2007.04.26 15:12:43.638,2.3779,2.3783,4.80,0.80
2007.04.26 15:12:44.750,2.3779,2.3783,7.20,0.70
2007.04.26 15:12:44.963,2.3779,2.3785,8.80,36.30
2007.04.26 15:12:45.418,2.3779,2.3785,8.00,36.30
2007.04.26 15:12:45.747,2.3779,2.3785,6.40,36.30
2007.04.26 15:12:49.404,2.3779,2.3783,4.80,0.50
2007.04.26 15:12:52.396,2.3779,2.3784,4.00,24.00
2007.04.26 15:12:52.608,2.3779,2.3783,2.40,0.70
2007.04.26 15:12:52.855,2.3779,2.3784,2.40,28.40
2007.04.26 15:12:54.261,2.3779,2.3782,2.40,7.20
2007.04.26 15:12:54.720,2.3778,2.3782,12.80,6.40
2007.04.26 15:12:54.974,2.3778,2.3784,14.40,37.10
2007.04.26 15:12:55.219,2.3778,2.3783,14.40,0.90
2007.04.26 15:12:56.278,2.3778,2.3784,12.80,32.30
2007.04.26 15:12:56.503,2.3778,2.3784,12.00,32.30
2007.04.26 15:12:57.375,2.3778,2.3784,13.60,32.30
2007.04.26 15:12:57.668,2.3778,2.3784,16.00,32.30
2007.04.26 15:12:57.882,2.3778,2.3783,16.80,0.70
2007.04.26 15:12:58.156,2.3778,2.3784,16.80,41.90
2007.04.26 15:12:58.374,2.3778,2.3781,16.80,4.00
2007.04.26 15:12:58.655,2.3778,2.3781,15.20,4.00
2007.04.26 15:12:58.927,2.3778,2.3782,16.80,4.00
2007.04.26 15:12:59.234,2.3778,2.3782,13.60,12.70
2007.04.26 15:13:00.095,2.3778,2.3782,14.40,12.70
2007.04.26 15:13:00.308,2.3778,2.3782,15.20,12.70
2007.04.26 15:13:00.751,2.3778,2.3782,9.60,12.70
2007.04.26 15:13:05.742,2.3779,2.3782,0.80,8.70
2007.04.26 15:13:06.000,2.378,2.3782,0.80,8.70
2007.04.26 15:13:06.244,2.378,2.3783,2.40,3.20
2007.04.26 15:13:06.504,2.3781,2.3784,1.60,16.70
2007.04.26 15:13:06.712,2.3781,2.3784,2.40,12.70
2007.04.26 15:13:08.965,2.3781,2.3785,2.40,11.20
2007.04.26 15:13:09.172,2.3781,2.3785,2.40,7.20
2007.04.26 15:13:09.397,2.3781,2.3785,4.80,7.20
2007.04.26 15:13:09.605,2.3781,2.3785,9.60,3.20
2007.04.26 15:13:09.841,2.3781,2.3785,10.40,3.20
2007.04.26 15:13:10.060,2.3781,2.3785,12.80,3.20
2007.04.26 15:13:10.325,2.3782,2.3786,0.80,4.00
2007.04.26 15:13:10.386,2.3782,2.3787,0.80,21.60
2007.04.26 15:13:10.716,2.3782,2.3788,0.80,33.10
2007.04.26 15:13:10.931,2.3782,2.3787,0.80,0.60
2007.04.26 15:13:11.144,2.3782,2.3788,7.20,29.10
2007.04.26 15:13:11.745,2.3782,2.3787,13.60,0.60
2007.04.26 15:13:12.070,2.3783,2.3787,2.40,0.50
2007.04.26 15:13:12.311,2.3783,2.3787,8.80,0.60
2007.04.26 15:13:12.599,2.3784,2.3787,1.60,0.50
2007.04.26 15:13:12.864,2.3783,2.3787,7.20,0.80
2007.04.26 15:13:13.332,2.3783,2.3787,8.00,0.70
2007.04.26 15:13:13.561,2.3783,2.3787,9.60,0.60
2007.04.26 15:13:13.826,2.3784,2.3788,1.60,0.90
2007.04.26 15:13:14.073,2.3784,2.3788,2.40,0.90
2007.04.26 15:13:14.391,2.3785,2.3789,1.60,19.10
2007.04.26 15:13:14.643,2.3785,2.3789,2.40,19.10
2007.04.26 15:13:16.057,2.3785,2.3789,2.40,0.50
2007.04.26 15:13:16.309,2.3785,2.3789,2.40,0.70
2007.04.26 15:13:18.382,2.3785,2.37895,0.80,15.10
2007.04.26 15:13:18.614,2.3784,2.3789,8.80,0.60
2007.04.26 15:13:20.380,2.3784,2.3788,8.80,7.20
2007.04.26 15:13:21.322,2.3784,2.3788,7.20,9.60
2007.04.26 15:13:21.528,2.3784,2.3788,2.40,19.50
2007.04.26 15:13:21.840,2.3782,2.3786,13.60,6.40
2007.04.26 15:13:22.130,2.3782,2.3786,10.40,6.40
2007.04.26 15:13:22.349,2.3782,2.3785,6.40,0.70
2007.04.26 15:13:23.491,2.3782,2.3787,6.40,10.80
2007.04.26 15:13:23.841,2.3782,2.37865,4.80,4.00
2007.04.26 15:13:24.050,2.3782,2.3787,3.20,7.20
2007.04.26 15:13:26.251,2.3782,2.3787,5.60,0.90
2007.04.26 15:13:26.456,2.3782,2.3787,9.60,0.90
2007.04.26 15:13:29.344,2.3782,2.3786,6.40,7.20
2007.04.26 15:13:30.516,2.3782,2.3786,6.40,0.80
2007.04.26 15:13:30.811,2.3783,2.3788,0.80,29.10
2007.04.26 15:13:31.021,2.3783,2.3787,2.40,0.80
2007.04.26 15:13:31.355,2.3784,2.3788,0.80,23.50
2007.04.26 15:13:31.582,2.3784,2.3788,2.40,9.60
2007.04.26 15:13:31.791,2.3784,2.3787,3.20,0.90
2007.04.26 15:13:32.023,2.3784,2.3787,1.60,0.70
2007.04.26 15:13:32.258,2.3782,2.3788,14.40,8.00
2007.04.26 15:13:32.687,2.3782,2.3785,14.40,0.80
2007.04.26 15:13:32.973,2.3782,2.3785,8.80,0.90
2007.04.26 15:13:33.827,2.3782,2.3786,6.40,4.80
2007.04.26 15:13:34.039,2.3782,2.3786,2.40,4.80
2007.04.26 15:13:35.345,2.3782,2.37865,2.40,4.00
2007.04.26 15:13:35.676,2.3782,2.3787,2.40,0.80
2007.04.26 15:13:35.927,2.3782,2.3787,2.40,0.70
2007.04.26 15:13:36.180,2.3782,2.3786,2.40,4.80
2007.04.26 15:13:36.424,2.3782,2.3786,6.40,5.60
2007.04.26 15:13:36.926,2.3782,2.3787,8.00,9.60
2007.04.26 15:13:37.385,2.3782,2.3787,8.80,7.20
2007.04.26 15:13:37.617,2.3782,2.37865,8.80,0.80
2007.04.26 15:13:37.839,2.3782,2.3787,4.80,8.00
2007.04.26 15:13:38.079,2.3782,2.37865,10.40,0.90
2007.04.26 15:13:38.662,2.3782,2.3787,14.40,10.40
2007.04.26 15:13:38.863,2.3782,2.3788,16.80,26.70
2007.04.26 15:13:39.078,2.3782,2.3788,16.80,26.70
2007.04.26 15:13:40.863,2.3782,2.3785,11.20,0.80
2007.04.26 15:13:41.076,2.3782,2.3785,12.80,0.60
2007.04.26 15:13:41.316,2.3782,2.3786,11.20,4.80
2007.04.26 15:13:41.883,2.3782,2.3785,6.40,0.60
2007.04.26 15:13:42.287,2.3781,2.3786,14.40,4.80
2007.04.26 15:13:43.535,2.3781,2.3786,13.60,14.30
2007.04.26 15:13:44.306,2.3781,2.3785,9.60,0.50
2007.04.26 15:13:44.551,2.3781,2.3785,7.20,0.70
2007.04.26 15:13:46.322,2.3781,2.3785,7.20,0.60
2007.04.26 15:13:46.515,2.3781,2.3786,8.00,6.40
2007.04.26 15:13:46.811,2.3781,2.3785,7.20,0.60
2007.04.26 15:13:47.065,2.3781,2.3786,11.20,10.00
2007.04.26 15:13:47.631,2.3781,2.3785,4.80,0.80
2007.04.26 15:13:47.967,2.3781,2.37855,3.20,8.80
2007.04.26 15:13:48.169,2.3781,2.3785,2.40,0.50
2007.04.26 15:13:48.845,2.3781,2.37855,2.40,11.20
2007.04.26 15:13:49.928,2.3781,2.3785,2.40,0.80
2007.04.26 15:13:51.902,2.3781,2.3785,2.40,0.60
2007.04.26 15:13:52.126,2.3781,2.37855,2.40,11.20
2007.04.26 15:13:52.528,2.3781,2.37855,0.80,11.20
2007.04.26 15:13:52.860,2.378,2.37855,22.30,13.60
2007.04.26 15:13:53.849,2.378,2.3785,19.90,0.70
2007.04.26 15:13:54.154,2.378,2.37855,19.90,8.80
2007.04.26 15:13:54.950,2.378,2.3785,19.90,0.90
2007.04.26 15:13:55.929,2.378,2.3786,19.90,13.20
2007.04.26 15:14:00.964,2.3781,2.3785,1.60,8.80
2007.04.26 15:14:01.165,2.3781,2.3785,2.40,8.80
2007.04.26 15:14:01.913,2.3781,2.3785,0.50,8.80
2007.04.26 15:14:04.908,2.378,2.3785,19.90,11.20
2007.04.26 15:14:05.945,2.378,2.3785,13.50,8.80
2007.04.26 15:14:06.274,2.3781,2.3784,0.80,2.40
2007.04.26 15:14:06.604,2.3779,2.3784,9.20,5.60
2007.04.26 15:14:06.906,2.37795,2.3782,1.60,2.40
2007.04.26 15:14:07.573,2.3779,2.3782,0.90,2.40
2007.04.26 15:14:07.884,2.3779,2.3782,1.90,3.20
2007.04.26 15:14:08.252,2.3777,2.3782,10.40,4.80
2007.04.26 15:14:08.461,2.37775,2.3782,0.50,5.60
2007.04.26 15:14:08.713,2.37775,2.3782,0.90,6.40
2007.04.26 15:14:08.940,2.3777,2.3782,14.40,8.00
2007.04.26 15:14:09.267,2.3777,2.3782,6.40,11.20
2007.04.26 15:14:09.894,2.3776,2.3782,27.50,8.80
2007.04.26 15:14:10.594,2.3776,2.3782,25.10,8.80
2007.04.26 15:14:11.923,2.3777,2.3782,1.50,11.20
2007.04.26 15:14:12.858,2.3777,2.3782,4.80,9.60
2007.04.26 15:14:13.094,2.3777,2.3782,1.10,8.80
2007.04.26 15:14:13.938,2.3776,2.3782,25.10,13.60
2007.04.26 15:14:14.859,2.3776,2.3782,25.10,15.20
2007.04.26 15:14:15.118,2.3776,2.3782,25.10,16.00
2007.04.26 15:14:15.471,2.3776,2.3782,24.30,16.00
2007.04.26 15:14:15.753,2.3776,2.3782,25.10,16.00
2007.04.26 15:14:15.972,2.3777,2.3782,1.70,16.00
2007.04.26 15:14:16.260,2.3777,2.3782,0.60,16.00
2007.04.26 15:14:16.892,2.37765,2.3782,8.00,16.00
2007.04.26 15:14:17.202,2.37765,2.3782,7.20,16.00
2007.04.26 15:14:17.674,2.3777,2.3782,3.00,16.00
2007.04.26 15:14:17.913,2.37765,2.3782,9.60,16.00
2007.04.26 15:14:18.170,2.37765,2.3782,10.40,16.00
2007.04.26 15:14:18.383,2.3777,2.3782,0.70,16.00
2007.04.26 15:14:18.597,2.3777,2.3782,2.60,16.00
2007.04.26 15:14:18.911,2.3776,2.3782,22.70,16.00
2007.04.26 15:14:19.252,2.3777,2.3781,2.50,0.80
2007.04.26 15:14:19.471,2.3777,2.378,3.20,2.40
2007.04.26 15:14:19.743,2.3777,2.3779,4.10,4.00
2007.04.26 15:14:19.993,2.3775,2.3779,7.20,4.00
2007.04.26 15:14:20.247,2.3776,2.3779,6.40,4.00
2007.04.26 15:14:20.483,2.3775,2.3779,3.20,4.00
2007.04.26 15:14:20.890,2.3775,2.3779,0.80,4.00
2007.04.26 15:14:21.229,2.37745,2.378,3.20,16.80
2007.04.26 15:14:23.383,2.37745,2.3779,4.00,4.80
2007.04.26 15:14:23.631,2.37745,2.378,8.80,15.10
2007.04.26 15:14:23.948,2.3774,2.378,17.60,11.90
2007.04.26 15:14:25.015,2.37745,2.378,4.80,15.10
2007.04.26 15:14:26.179,2.37745,2.378,5.60,6.40
2007.04.26 15:14:27.069,2.3774,2.378,24.30,3.20
2007.04.26 15:14:28.732,2.3774,2.3778,25.90,2.40
2007.04.26 15:14:28.961,2.3774,2.3778,16.00,2.40
2007.04.26 15:14:29.195,2.3775,2.3778,2.40,2.40
2007.04.26 15:14:30.339,2.3774,2.3778,0.80,2.40
2007.04.26 15:14:32.388,2.3773,2.3778,11.60,3.20
2007.04.26 15:14:34.056,2.3773,2.3778,9.60,3.20
2007.04.26 15:14:34.690,2.37735,2.3778,2.40,3.20
2007.04.26 15:14:34.899,2.3774,2.3779,2.40,7.20
2007.04.26 15:14:35.146,2.37755,2.378,2.40,5.60
2007.04.26 15:14:35.627,2.37755,2.378,2.40,4.80
2007.04.26 15:14:35.957,2.3775,2.378,8.80,3.20
2007.04.26 15:14:37.696,2.3775,2.378,9.60,3.20
2007.04.26 15:14:37.941,2.37755,2.378,2.40,3.20
2007.04.26 15:14:38.967,2.3775,2.378,9.60,3.20
2007.04.26 15:14:39.975,2.3776,2.378,7.90,0.80
2007.04.26 15:14:41.380,2.3776,2.378,8.70,0.80
2007.04.26 15:14:41.586,2.3776,2.378,9.50,0.80
2007.04.26 15:14:42.371,2.3776,2.378,9.50,3.20
2007.04.26 15:14:42.575,2.37755,2.378,2.40,3.20
2007.04.26 15:14:42.804,2.3777,2.378,0.80,0.80
2007.04.26 15:14:43.033,2.3777,2.3781,3.20,4.00
2007.04.26 15:14:43.366,2.3778,2.3781,0.80,3.20
2007.04.26 15:14:43.812,2.3777,2.3781,2.40,3.20
2007.04.26 15:14:44.032,2.3778,2.3781,10.30,3.20
2007.04.26 15:14:44.692,2.3778,2.3783,15.90,5.60
2007.04.26 15:14:44.936,2.3779,2.3783,0.80,3.20
2007.04.26 15:14:45.265,2.3778,2.3783,25.50,4.00
2007.04.26 15:14:45.743,2.3779,2.3783,6.40,0.80
2007.04.26 15:14:46.353,2.3778,2.3783,25.50,4.00
2007.04.26 15:14:47.021,2.3779,2.3783,1.60,4.00
2007.04.26 15:14:47.280,2.3779,2.3783,2.40,4.00
2007.04.26 15:14:48.371,2.3779,2.3784,2.40,9.20
2007.04.26 15:14:48.680,2.3779,2.3783,1.60,4.00
2007.04.26 15:14:48.911,2.37785,2.3783,2.40,4.00
2007.04.26 15:14:49.344,2.3778,2.3783,19.10,7.20
2007.04.26 15:14:49.565,2.3778,2.3783,18.30,7.20
2007.04.26 15:14:51.060,2.3778,2.3783,19.10,4.00
2007.04.26 15:14:51.933,2.3779,2.3783,8.70,4.00
2007.04.26 15:14:52.477,2.3779,2.3783,9.50,4.00
2007.04.26 15:14:52.682,2.3779,2.3783,10.30,4.00
2007.04.26 15:14:52.897,2.3779,2.3783,12.70,4.00
2007.04.26 15:14:53.138,2.3779,2.3783,19.10,3.20
2007.04.26 15:14:53.342,2.3779,2.3784,25.50,0.80
2007.04.26 15:14:54.377,2.37795,2.3784,2.40,0.80
2007.04.26 15:14:59.029,2.378,2.37845,3.20,3.20
2007.04.26 15:14:59.296,2.378,2.3785,3.20,7.20
2007.04.26 15:15:02.292,2.378,2.3785,3.20,15.10
2007.04.26 15:15:03.633,2.378,2.3785,3.20,6.40
2007.04.26 15:15:03.894,2.37805,2.3785,2.40,3.20
2007.04.26 15:15:04.382,2.37805,2.3785,2.40,11.90
2007.04.26 15:15:06.448,2.37805,2.3786,2.40,21.90
2007.04.26 15:15:07.257,2.378,2.3785,3.20,0.70
2007.04.26 15:15:08.028,2.378,2.3786,3.20,12.00
2007.04.26 15:15:08.261,2.378,2.3786,3.20,12.00
2007.04.26 15:15:08.526,2.378,2.3786,3.20,24.30
2007.04.26 15:15:10.063,2.378,2.3784,8.80,0.80
2007.04.26 15:15:11.953,2.378,2.3784,4.80,0.80
2007.04.26 15:15:12.427,2.378,2.3784,2.40,0.80
2007.04.26 15:15:14.055,2.378,2.3785,3.20,0.70
2007.04.26 15:15:14.302,2.378,2.3785,9.60,0.70
2007.04.26 15:15:14.718,2.378,2.3785,10.40,0.70
2007.04.26 15:15:14.926,2.378,2.3785,11.20,0.70
2007.04.26 15:15:15.752,2.378,2.37855,11.20,15.90
2007.04.26 15:15:16.301,2.378,2.37855,12.00,7.20
2007.04.26 15:15:16.629,2.37805,2.3785,2.40,0.60
2007.04.26 15:15:17.426,2.37805,2.3786,2.40,27.50
2007.04.26 15:15:17.705,2.378,2.37855,12.00,15.90
2007.04.26 15:15:22.394,2.378,2.3785,5.60,0.50
2007.04.26 15:15:22.708,2.378,2.3786,3.20,27.50
2007.04.26 15:15:23.032,2.378,2.37855,9.60,15.90
2007.04.26 15:15:24.274,2.378,2.3785,5.60,0.50
2007.04.26 15:15:24.505,2.378,2.3786,3.20,27.50
2007.04.26 15:15:25.051,2.378,2.3786,7.20,27.50
2007.04.26 15:15:25.713,2.378,2.3785,8.00,0.70
2007.04.26 15:15:25.942,2.378,2.3785,9.60,0.50
2007.04.26 15:15:36.972,2.378,2.3784,6.40,0.80
2007.04.26 15:15:39.015,2.378,2.3784,2.40,0.80
2007.04.26 15:15:40.157,2.378,2.3784,6.40,0.80
2007.04.26 15:15:40.359,2.378,2.3785,13.60,4.80
2007.04.26 15:15:40.597,2.378,2.3785,9.60,16.70
2007.04.26 15:15:40.845,2.378,2.3785,3.20,19.90
2007.04.26 15:15:43.607,2.378,2.3784,0.80,0.80
2007.04.26 15:15:43.839,2.378,2.3784,1.60,0.80
2007.04.26 15:15:44.083,2.3781,2.3784,0.80,0.80
2007.04.26 15:15:44.346,2.3781,2.3784,0.80,1.60
2007.04.26 15:15:44.833,2.378,2.3784,8.00,0.80
2007.04.26 15:15:45.115,2.3781,2.3784,2.40,0.80
2007.04.26 15:15:45.833,2.3781,2.3785,2.40,7.20
2007.04.26 15:15:46.050,2.3781,2.3785,8.00,4.80
2007.04.26 15:15:46.323,2.3781,2.3785,8.80,6.40
2007.04.26 15:15:46.558,2.3781,2.3785,2.40,10.40
2007.04.26 15:15:46.909,2.3781,2.3785,5.60,6.40
2007.04.26 15:15:47.233,2.3781,2.3785,4.00,6.40
2007.04.26 15:15:47.750,2.378,2.3784,13.60,0.80
2007.04.26 15:15:47.998,2.378,2.3784,10.40,0.80
2007.04.26 15:15:48.208,2.378,2.3784,10.40,12.70
2007.04.26 15:15:48.997,2.378,2.3784,6.40,14.30
2007.04.26 15:15:49.205,2.3779,2.3784,12.80,15.10
2007.04.26 15:15:50.657,2.3779,2.3783,12.80,0.80
2007.04.26 15:15:51.561,2.3779,2.3784,8.80,13.50
2007.04.26 15:15:51.619,2.3779,2.37845,8.80,16.70
2007.04.26 15:15:51.802,2.3779,2.3783,2.40,0.80
2007.04.26 15:15:52.020,2.378,2.3783,0.80,0.80
2007.04.26 15:15:52.233,2.3781,2.37835,4.00,3.20
2007.04.26 15:15:53.624,2.3781,2.3785,4.00,0.80
2007.04.26 15:15:54.968,2.3781,2.3785,4.00,4.80
2007.04.26 15:15:55.182,2.3781,2.3785,4.00,0.80
2007.04.26 15:15:55.394,2.378,2.3785,12.00,0.80
2007.04.26 15:15:55.690,2.378,2.3785,12.00,4.00
2007.04.26 15:15:56.021,2.3781,2.3785,0.80,4.00
2007.04.26 15:15:56.295,2.3781,2.3785,1.60,3.20
2007.04.26 15:15:56.922,2.3781,2.3785,5.60,3.20
2007.04.26 15:15:58.350,2.3781,2.3785,9.60,3.20
2007.04.26 15:15:58.657,2.37815,2.3786,2.40,3.20
2007.04.26 15:16:00.886,2.37815,2.3785,2.40,4.80
2007.04.26 15:16:01.389,2.3781,2.3785,4.00,4.80
2007.04.26 15:16:01.668,2.37805,2.3785,2.40,8.80
2007.04.26 15:16:04.326,2.3781,2.3785,0.80,4.00
2007.04.26 15:16:04.630,2.37815,2.3786,2.40,3.20
2007.04.26 15:16:07.248,2.3782,2.3786,8.80,1.60
2007.04.26 15:16:07.487,2.3782,2.37865,8.80,3.20
2007.04.26 15:16:07.711,2.3782,2.3787,11.20,7.20
2007.04.26 15:16:08.377,2.3782,2.3785,10.40,4.00
2007.04.26 15:16:08.583,2.3782,2.3785,6.40,4.00
2007.04.26 15:16:09.673,2.3781,2.3785,7.20,4.00
2007.04.26 15:16:20.236,2.3781,2.3785,6.40,8.00
2007.04.26 15:16:20.587,2.3781,2.3785,2.40,8.00
2007.04.26 15:16:20.842,2.37805,2.3785,2.40,8.00
2007.04.26 15:16:23.286,2.37805,2.3785,2.40,8.80
2007.04.26 15:16:26.622,2.37805,2.3783,2.40,4.00
2007.04.26 15:16:27.199,2.378,2.3783,2.40,4.00
2007.04.26 15:16:28.963,2.378,2.3783,3.20,4.00
2007.04.26 15:16:29.644,2.378,2.3785,9.60,8.80
2007.04.26 15:16:32.897,2.3782,2.3785,0.80,8.80
2007.04.26 15:16:33.138,2.3782,2.3785,2.40,8.80
2007.04.26 15:16:33.410,2.3782,2.3785,2.40,4.00
2007.04.26 15:16:33.725,2.3782,2.3785,0.50,4.00
2007.04.26 15:16:36.950,2.3782,2.3785,0.80,4.00
2007.04.26 15:16:37.189,2.3781,2.3785,9.60,4.00
2007.04.26 15:16:39.941,2.37815,2.3785,1.20,8.00
2007.04.26 15:16:40.891,2.37805,2.3785,4.80,8.00
2007.04.26 15:16:45.270,2.3781,2.3785,1.50,8.80
2007.04.26 15:16:52.546,2.378,2.3785,12.00,8.00
2007.04.26 15:16:55.247,2.37805,2.3785,4.80,8.80
2007.04.26 15:17:01.523,2.3781,2.3784,1.50,0.80
2007.04.26 15:17:09.475,2.3781,2.3784,0.80,0.80
2007.04.26 15:17:09.680,2.378,2.3784,0.80,1.60
2007.04.26 15:17:09.988,2.378,2.3784,0.80,3.20
2007.04.26 15:17:10.214,2.3779,2.3784,13.60,10.40
2007.04.26 15:17:10.507,2.3779,2.3784,9.60,14.40
2007.04.26 15:17:11.151,2.3779,2.3784,5.60,9.60
2007.04.26 15:17:11.354,2.3779,2.37835,1.60,3.20
2007.04.26 15:17:11.558,2.3779,2.37835,0.80,3.20
2007.04.26 15:17:11.784,2.3779,2.3782,2.40,2.40
2007.04.26 15:17:12.049,2.3779,2.3782,6.40,2.40
2007.04.26 15:17:12.288,2.3779,2.3783,6.40,8.70
2007.04.26 15:17:12.792,2.3779,2.3784,6.40,4.00
2007.04.26 15:17:13.039,2.3779,2.3784,6.40,5.60
2007.04.26 15:17:13.362,2.3779,2.3784,6.40,6.40
2007.04.26 15:17:15.074,2.3779,2.3784,4.00,6.40
2007.04.26 15:17:17.044,2.3779,2.3783,4.00,3.20
2007.04.26 15:17:17.835,2.3778,2.3783,24.70,4.00
2007.04.26 15:17:17.960,2.3778,2.3784,24.70,13.20
2007.04.26 15:17:22.198,2.3778,2.3783,21.50,4.80
2007.04.26 15:17:22.653,2.3778,2.3783,14.30,5.60
2007.04.26 15:17:22.863,2.3778,2.3783,12.70,7.20
2007.04.26 15:17:23.201,2.3778,2.3782,11.90,0.60
2007.04.26 15:17:25.526,2.3778,2.37825,4.00,4.80
2007.04.26 15:17:25.801,2.3777,2.3783,2.40,18.00
2007.04.26 15:17:26.126,2.3776,2.37815,24.70,0.70
2007.04.26 15:17:26.478,2.3777,2.3781,2.40,0.80
2007.04.26 15:17:26.843,2.3777,2.3782,1.60,8.80
2007.04.26 15:17:27.095,2.37765,2.3783,2.40,21.20
2007.04.26 15:17:27.300,2.37765,2.3781,2.40,0.50
2007.04.26 15:17:28.119,2.3776,2.37815,10.40,8.00
2007.04.26 15:17:30.166,2.3776,2.3781,4.00,0.70
2007.04.26 15:17:33.391,2.3777,2.3781,1.60,0.60
2007.04.26 15:17:33.656,2.3777,2.3781,3.20,0.80
2007.04.26 15:17:35.437,2.3777,2.3781,2.40,0.90
2007.04.26 15:17:39.431,2.3777,2.3782,3.20,8.80
2007.04.26 15:17:39.903,2.3777,2.3783,8.00,19.60
2007.04.26 15:17:40.153,2.3777,2.3783,9.60,19.60
2007.04.26 15:17:42.145,2.3777,2.3783,16.00,15.60
2007.04.26 15:17:47.458,2.3778,2.3782,0.80,4.00
2007.04.26 15:17:47.787,2.3778,2.3782,0.80,0.80
2007.04.26 15:17:48.018,2.3778,2.3783,3.20,8.00
2007.04.26 15:17:48.370,2.3778,2.3783,3.20,10.40
2007.04.26 15:17:48.616,2.3779,2.3783,4.00,6.40
2007.04.26 15:17:48.899,2.3779,2.3783,4.00,4.80
2007.04.26 15:17:49.119,2.3779,2.37825,4.00,3.20
2007.04.26 15:17:49.778,2.3779,2.3783,4.00,0.80
2007.04.26 15:17:50.033,2.3779,2.3783,5.60,0.80
2007.04.26 15:17:50.298,2.3779,2.3783,6.40,0.80
2007.04.26 15:17:50.770,2.3779,2.3783,4.00,0.80
2007.04.26 15:17:53.438,2.3779,2.3781,4.00,0.80
2007.04.26 15:17:53.982,2.3778,2.3781,6.40,4.80
2007.04.26 15:17:54.363,2.3778,2.3781,2.40,4.80
2007.04.26 15:17:55.005,2.3776,2.378,14.40,4.00
2007.04.26 15:17:55.432,2.3776,2.378,10.40,4.00
2007.04.26 15:17:55.791,2.3776,2.378,8.00,4.00
2007.04.26 15:17:56.395,2.3778,2.378,3.20,4.00
2007.04.26 15:17:56.674,2.3778,2.3783,7.20,6.40
2007.04.26 15:17:56.929,2.3778,2.3783,8.80,4.00
2007.04.26 15:17:57.159,2.3778,2.3783,9.60,4.00
2007.04.26 15:17:57.721,2.3778,2.37825,9.60,3.20
2007.04.26 15:17:58.349,2.3778,2.3781,4.00,0.80
2007.04.26 15:17:58.776,2.37775,2.3781,2.40,0.80
2007.04.26 15:17:59.441,2.3777,2.3781,2.40,0.80
2007.04.26 15:18:02.342,2.3777,2.3781,4.80,0.80
2007.04.26 15:18:05.668,2.3777,2.3781,2.40,0.80
2007.04.26 15:18:06.417,2.3777,2.3781,2.40,2.40
2007.04.26 15:18:06.871,2.3777,2.3781,2.40,0.80
2007.04.26 15:18:09.037,2.3777,2.3781,2.40,8.70
2007.04.26 15:18:09.282,2.3777,2.3781,2.40,9.50
2007.04.26 15:18:09.753,2.3777,2.378,2.40,4.80
2007.04.26 15:18:11.245,2.3777,2.378,2.40,4.00
2007.04.26 15:18:11.499,2.3777,2.378,2.40,4.80
2007.04.26 15:18:14.073,2.3777,2.378,2.40,5.60
2007.04.26 15:18:14.312,2.3777,2.378,2.40,7.20
2007.04.26 15:18:16.396,2.3775,2.3779,8.80,0.80
2007.04.26 15:18:16.912,2.3775,2.3778,8.80,4.00
2007.04.26 15:18:17.389,2.37745,2.3777,2.40,4.00
2007.04.26 15:18:17.937,2.3775,2.3777,13.50,4.00
2007.04.26 15:18:18.208,2.37755,2.3777,2.40,4.00
2007.04.26 15:18:18.713,2.37755,2.3779,2.40,4.00
2007.04.26 15:18:19.710,2.3775,2.3779,17.50,4.00
2007.04.26 15:18:22.490,2.3775,2.3779,7.70,4.00
2007.04.26 15:18:23.942,2.3775,2.3779,20.70,4.00
2007.04.26 15:18:24.362,2.3775,2.3779,22.30,4.00
2007.04.26 15:18:24.634,2.3775,2.3779,21.50,4.00
2007.04.26 15:18:24.854,2.3775,2.3779,20.70,4.00
2007.04.26 15:18:25.192,2.3775,2.3779,21.50,4.00
2007.04.26 15:18:25.646,2.3775,2.3779,22.30,4.00
2007.04.26 15:18:25.943,2.3776,2.378,8.00,9.60
2007.04.26 15:18:26.658,2.3776,2.378,8.00,6.40
2007.04.26 15:18:26.890,2.3776,2.378,8.00,4.00
2007.04.26 15:18:29.699,2.3776,2.378,7.20,4.00
2007.04.26 15:18:29.936,2.3776,2.3779,4.00,4.00
2007.04.26 15:18:30.152,2.3776,2.3779,2.40,4.00
2007.04.26 15:18:30.364,2.3775,2.3779,17.50,4.00
2007.04.26 15:18:30.951,2.3775,2.3779,19.10,4.00
2007.04.26 15:18:31.170,2.3775,2.3779,20.70,4.00
2007.04.26 15:18:31.565,2.3776,2.3779,0.80,4.00
2007.04.26 15:18:34.605,2.3775,2.3778,13.50,4.00
2007.04.26 15:18:34.836,2.3775,2.3778,11.10,4.00
2007.04.26 15:18:36.688,2.3775,2.3778,10.30,4.00
2007.04.26 15:18:36.909,2.3775,2.3778,9.50,4.00
2007.04.26 15:18:39.908,2.3775,2.3778,8.70,4.00
2007.04.26 15:18:41.016,2.3775,2.3778,0.80,4.00
2007.04.26 15:18:41.346,2.3774,2.3778,11.10,4.00
2007.04.26 15:18:41.873,2.3774,2.3777,7.90,0.80
2007.04.26 15:18:42.078,2.37735,2.3777,2.40,0.80
2007.04.26 15:18:42.563,2.3774,2.3778,2.40,7.20
2007.04.26 15:18:43.904,2.3774,2.3778,11.10,4.00
2007.04.26 15:18:44.800,2.3774,2.3779,15.10,13.60
2007.04.26 15:18:45.350,2.3774,2.3778,11.90,2.40
2007.04.26 15:18:45.586,2.3774,2.3778,7.90,3.20
2007.04.26 15:18:45.970,2.37735,2.3778,2.40,3.20
2007.04.26 15:18:46.224,2.37735,2.3778,2.40,5.60
2007.04.26 15:18:46.749,2.3773,2.3778,4.80,8.80
2007.04.26 15:18:47.385,2.37725,2.3778,7.20,8.80
2007.04.26 15:18:47.894,2.3774,2.3778,4.00,5.60
2007.04.26 15:18:48.299,2.3774,2.3778,6.10,4.00
2007.04.26 15:18:48.533,2.3774,2.3778,14.30,3.20
2007.04.26 15:18:49.660,2.3774,2.3779,18.30,13.60
2007.04.26 15:18:49.952,2.3774,2.3779,18.30,12.80
2007.04.26 15:18:50.199,2.3774,2.3779,9.60,9.60
2007.04.26 15:18:50.460,2.3775,2.3778,1.60,6.40
2007.04.26 15:18:50.669,2.3773,2.3778,11.20,8.00
2007.04.26 15:18:51.014,2.3772,2.3777,29.10,3.20
2007.04.26 15:18:51.308,2.3774,2.3777,0.60,3.20
2007.04.26 15:18:51.643,2.3774,2.3778,0.80,3.20
2007.04.26 15:18:51.869,2.3774,2.3778,3.20,3.20
2007.04.26 15:18:52.090,2.3775,2.3778,1.10,3.20
2007.04.26 15:18:52.603,2.3774,2.3778,5.60,3.20
2007.04.26 15:18:53.331,2.3775,2.3778,1.20,3.20
2007.04.26 15:18:53.573,2.3774,2.3779,14.00,4.00
2007.04.26 15:18:53.856,2.3775,2.3779,1.60,4.00
2007.04.26 15:18:54.108,2.3775,2.3779,1.60,4.00
2007.04.26 15:18:54.988,2.3774,2.3779,1.60,4.80
2007.04.26 15:18:55.812,2.3773,2.3779,19.60,12.00
2007.04.26 15:18:56.531,2.37735,2.3779,4.80,15.20
2007.04.26 15:18:58.358,2.37735,2.3778,3.20,2.40
2007.04.26 15:18:59.858,2.3772,2.3778,27.50,3.20
2007.04.26 15:19:01.346,2.3773,2.3778,6.00,3.20
2007.04.26 15:19:01.626,2.3772,2.3778,27.50,7.20
2007.04.26 15:19:02.562,2.3772,2.3778,27.50,7.20
2007.04.26 15:19:02.961,2.3772,2.3778,27.50,7.20
2007.04.26 15:19:04.340,2.3774,2.3778,0.80,4.00
2007.04.26 15:19:07.987,2.3774,2.3778,0.80,5.60
2007.04.26 15:19:08.247,2.3774,2.3778,0.80,6.40
2007.04.26 15:19:08.669,2.3774,2.3778,0.80,8.80
2007.04.26 15:19:08.981,2.3774,2.3778,0.80,12.00
2007.04.26 15:19:09.313,2.3773,2.3778,2.80,12.80
2007.04.26 15:19:09.978,2.3773,2.3778,0.80,12.80
2007.04.26 15:19:11.665,2.3773,2.3777,0.80,3.20
2007.04.26 15:19:12.619,2.3773,2.3778,0.80,15.20
2007.04.26 15:19:15.615,2.3773,2.3778,0.80,16.00
2007.04.26 15:19:16.317,2.3773,2.3778,0.80,17.60
2007.04.26 15:19:17.298,2.3773,2.3778,0.80,18.40
2007.04.26 15:19:18.417,2.37725,2.3777,2.40,4.80
2007.04.26 15:19:18.672,2.37725,2.3778,2.40,27.10
2007.04.26 15:19:18.708,2.37725,2.3777,2.40,0.90
2007.04.26 15:19:19.641,2.3772,2.3778,0.80,33.10
2007.04.26 15:19:20.023,2.3772,2.37765,0.80,0.50
2007.04.26 15:19:25.849,2.3772,2.3776,0.80,0.50
2007.04.26 15:19:28.406,2.3771,2.3776,7.20,0.70
2007.04.26 15:19:28.768,2.3771,2.37755,0.80,8.00
2007.04.26 15:19:28.994,2.3771,2.37755,0.80,9.60
2007.04.26 15:19:29.302,2.3771,2.3775,3.60,0.90
2007.04.26 15:19:29.540,2.3771,2.3776,6.00,5.60
2007.04.26 15:19:29.788,2.3773,2.37765,0.80,5.60
2007.04.26 15:19:30.832,2.3773,2.3776,4.80,0.60
2007.04.26 15:19:31.383,2.3773,2.3776,4.00,0.80
2007.04.26 15:19:31.825,2.3772,2.3776,1.60,0.60
2007.04.26 15:19:33.152,2.3772,2.3774,0.80,0.90
2007.04.26 15:19:33.374,2.3771,2.3773,11.20,0.80
2007.04.26 15:19:33.590,2.3771,2.3776,11.20,6.40
2007.04.26 15:19:34.526,2.3772,2.37755,4.00,5.60
2007.04.26 15:19:35.422,2.3771,2.3775,4.80,0.80
2007.04.26 15:19:37.049,2.3771,2.3776,4.80,11.20
2007.04.26 15:19:37.289,2.3771,2.3776,5.60,0.70
2007.04.26 15:19:37.505,2.3771,2.3776,7.60,0.60
2007.04.26 15:19:37.718,2.3771,2.3776,7.60,0.90
2007.04.26 15:19:38.051,2.3772,2.3777,0.80,24.80
2007.04.26 15:19:39.373,2.3772,2.3778,0.80,37.10
2007.04.26 15:19:40.161,2.3772,2.3778,0.80,35.50
2007.04.26 15:19:40.474,2.3772,2.3777,10.70,0.50
2007.04.26 15:19:40.686,2.3772,2.3778,14.70,19.20
2007.04.26 15:19:40.901,2.3774,2.37775,0.80,5.60
2007.04.26 15:19:41.762,2.3774,2.3778,4.80,8.00
2007.04.26 15:19:41.968,2.3774,2.3778,4.80,9.60
2007.04.26 15:19:42.333,2.3774,2.3778,4.80,16.70
2007.04.26 15:19:42.589,2.3774,2.3778,4.80,15.10
2007.04.26 15:19:45.079,2.3774,2.3778,4.00,19.10
2007.04.26 15:19:45.318,2.3774,2.3778,4.00,0.80
2007.04.26 15:19:45.539,2.3775,2.3779,0.80,25.90
2007.04.26 15:19:45.792,2.3775,2.3777,4.00,0.80
2007.04.26 15:19:46.325,2.3774,2.3778,4.00,13.60
2007.04.26 15:19:46.665,2.3774,2.3777,4.00,1.60
2007.04.26 15:19:46.884,2.3773,2.3777,2.40,2.40
2007.04.26 15:19:47.112,2.3773,2.3776,2.40,3.20
2007.04.26 15:19:47.542,2.3773,2.3777,2.40,3.20
2007.04.26 15:19:48.541,2.3773,2.3777,3.20,2.40
2007.04.26 15:19:49.471,2.3773,2.3777,3.20,0.80
2007.04.26 15:19:49.696,2.3773,2.3778,3.20,10.40
2007.04.26 15:19:49.953,2.3774,2.3778,1.60,9.60
2007.04.26 15:19:50.171,2.3774,2.3778,1.60,7.20
2007.04.26 15:19:50.397,2.3774,2.3778,1.60,4.00
2007.04.26 15:19:51.161,2.37765,2.3778,2.40,4.00
2007.04.26 15:19:51.701,2.37765,2.3779,2.40,0.80
2007.04.26 15:19:51.999,2.37765,2.3781,2.40,0.80
2007.04.26 15:19:52.303,2.37765,2.3782,2.40,10.40
2007.04.26 15:19:53.524,2.3776,2.37815,22.30,3.20
2007.04.26 15:19:54.853,2.3776,2.3781,22.30,0.80
2007.04.26 15:19:55.482,2.3776,2.3781,8.00,4.00
2007.04.26 15:19:55.783,2.3776,2.378,1.60,4.00
2007.04.26 15:19:56.393,2.3775,2.378,7.20,4.00
2007.04.26 15:19:56.636,2.3778,2.3782,15.90,4.00
2007.04.26 15:19:56.847,2.3778,2.3782,16.70,4.00
2007.04.26 15:19:57.061,2.3778,2.3782,17.50,4.00
2007.04.26 15:19:58.984,2.3778,2.3782,18.30,4.00
2007.04.26 15:19:59.191,2.3778,2.3782,8.00,4.00
2007.04.26 15:20:00.095,2.3778,2.3782,6.40,4.00
2007.04.26 15:20:00.353,2.3778,2.3782,4.00,4.00
2007.04.26 15:20:00.713,2.3778,2.3782,1.60,4.00
2007.04.26 15:20:00.945,2.3778,2.3782,5.60,4.00
2007.04.26 15:20:00.985,2.3777,2.3782,10.40,4.00
2007.04.26 15:20:01.179,2.3777,2.3782,10.40,4.00
2007.04.26 15:20:01.523,2.3777,2.3782,10.40,4.80
2007.04.26 15:20:01.854,2.3777,2.3782,22.70,4.00
2007.04.26 15:20:02.522,2.3778,2.3783,3.40,10.40
2007.04.26 15:20:03.424,2.37775,2.3783,20.70,13.60
2007.04.26 15:20:04.057,2.37775,2.3782,8.00,0.80
2007.04.26 15:20:04.491,2.37775,2.3783,16.70,13.60
2007.04.26 15:20:07.470,2.3778,2.3783,18.30,4.00
2007.04.26 15:20:07.758,2.3779,2.3782,2.00,0.80
2007.04.26 15:20:08.062,2.3778,2.3782,19.90,1.60
2007.04.26 15:20:08.269,2.3779,2.3783,2.10,0.80
2007.04.26 15:20:08.500,2.3779,2.3782,1.90,0.80
2007.04.26 15:20:08.741,2.3778,2.3783,26.70,0.80
2007.04.26 15:20:09.000,2.3779,2.3783,0.80,2.80
2007.04.26 15:20:09.223,2.3778,2.3783,25.50,0.80
2007.04.26 15:20:10.701,2.3778,2.3782,25.50,2.40
2007.04.26 15:20:10.906,2.3777,2.3782,27.50,2.40
2007.04.26 15:20:11.126,2.3778,2.3782,1.70,2.40
2007.04.26 15:20:11.534,2.3777,2.3782,27.50,2.40
2007.04.26 15:20:11.748,2.3777,2.3782,27.50,2.40
2007.04.26 15:20:13.518,2.3777,2.3782,23.50,2.40
2007.04.26 15:20:14.525,2.3777,2.3782,23.50,3.20
2007.04.26 15:20:16.675,2.3776,2.37815,25.50,3.20
2007.04.26 15:20:16.882,2.3777,2.3781,0.80,4.00
2007.04.26 15:20:17.180,2.3776,2.3781,17.50,4.00
2007.04.26 15:20:18.072,2.3776,2.37815,25.10,3.20
2007.04.26 15:20:18.452,2.3777,2.37815,2.30,3.20
2007.04.26 15:20:18.757,2.3776,2.3781,0.50,4.00
2007.04.26 15:20:18.980,2.3776,2.3781,6.20,4.00
2007.04.26 15:20:19.840,2.3775,2.3781,21.90,6.40
2007.04.26 15:20:20.176,2.3776,2.378,5.40,2.40
2007.04.26 15:20:20.516,2.3776,2.378,2.70,4.80
2007.04.26 15:20:20.777,2.3776,2.3779,2.90,0.80
2007.04.26 15:20:21.051,2.3774,2.3779,22.70,4.80
2007.04.26 15:20:21.502,2.3776,2.3779,2.60,4.00
2007.04.26 15:20:21.731,2.3775,2.3779,7.20,4.00
2007.04.26 15:20:22.103,2.3775,2.3779,0.80,4.00
2007.04.26 15:20:26.852,2.3775,2.3779,0.80,5.60
2007.04.26 15:20:27.344,2.3775,2.3779,0.80,4.00
2007.04.26 15:20:27.569,2.3774,2.3778,13.60,4.00
2007.04.26 15:20:28.782,2.3774,2.3778,10.30,4.00
2007.04.26 15:20:30.827,2.3774,2.3778,19.90,4.00
2007.04.26 15:20:31.467,2.3774,2.3778,19.10,4.00
2007.04.26 15:20:31.812,2.3775,2.3778,2.40,4.00
2007.04.26 15:20:34.736,2.3775,2.3778,3.20,4.00
2007.04.26 15:20:35.466,2.3777,2.3779,0.80,7.20
2007.04.26 15:20:35.826,2.3777,2.3779,0.80,3.20
2007.04.26 15:20:36.210,2.3777,2.378,0.80,3.20
2007.04.26 15:20:36.885,2.3777,2.3781,0.80,4.00
2007.04.26 15:20:38.544,2.37765,2.3781,2.40,4.80
2007.04.26 15:20:39.204,2.3776,2.3781,21.50,4.80
2007.04.26 15:20:45.516,2.3776,2.3781,20.70,4.80
2007.04.26 15:20:48.182,2.3776,2.378,19.90,0.80
2007.04.26 15:20:48.894,2.3776,2.378,9.60,0.80
2007.04.26 15:20:49.228,2.3776,2.378,5.60,0.80
2007.04.26 15:20:49.429,2.3776,2.378,3.20,0.80
2007.04.26 15:20:50.463,2.3776,2.3781,4.00,10.40
2007.04.26 15:20:54.517,2.37755,2.378,2.40,1.60
2007.04.26 15:20:54.772,2.3775,2.378,4.80,6.40
2007.04.26 15:20:55.062,2.3775,2.378,4.80,8.00
2007.04.26 15:20:55.299,2.3775,2.378,4.80,7.20
2007.04.26 15:20:56.857,2.3775,2.378,4.80,6.40
2007.04.26 15:20:57.108,2.3776,2.378,14.30,1.60
2007.04.26 15:20:57.341,2.3776,2.378,18.30,1.60
2007.04.26 15:20:58.516,2.3776,2.378,15.90,1.60
2007.04.26 15:21:10.194,2.3776,2.37805,12.70,3.20
2007.04.26 15:21:11.191,2.3776,2.3781,15.10,6.40
2007.04.26 15:21:11.424,2.3776,2.378,18.30,1.60
2007.04.26 15:21:11.727,2.3776,2.378,14.30,5.60
2007.04.26 15:21:12.465,2.3776,2.378,11.90,5.60
2007.04.26 15:21:22.341,2.3774,2.37795,24.70,3.20
2007.04.26 15:21:22.586,2.3775,2.37795,4.80,3.20
2007.04.26 15:21:22.803,2.3775,2.378,7.20,7.20
2007.04.26 15:21:23.086,2.3775,2.378,7.20,9.60
2007.04.26 15:21:23.400,2.3775,2.378,7.20,10.40
2007.04.26 15:21:23.702,2.3775,2.378,7.20,18.30
2007.04.26 15:21:23.969,2.3775,2.3779,7.20,4.00
2007.04.26 15:21:24.735,2.3775,2.3779,0.80,4.00
2007.04.26 15:21:25.705,2.3776,2.378,4.00,8.00
2007.04.26 15:21:25.985,2.3776,2.378,4.00,7.20
2007.04.26 15:21:26.456,2.3776,2.378,4.00,4.00
2007.04.26 15:21:30.691,2.37755,2.378,6.40,4.00
2007.04.26 15:21:33.300,2.37755,2.378,8.80,4.00
2007.04.26 15:21:35.143,2.3776,2.378,3.40,4.00
2007.04.26 15:21:35.531,2.3775,2.378,14.80,4.00
2007.04.26 15:21:36.073,2.3776,2.378,2.70,4.00
2007.04.26 15:21:36.530,2.3777,2.378,0.80,4.00
2007.04.26 15:21:43.542,2.3775,2.378,25.90,4.00
2007.04.26 15:21:49.533,2.3776,2.378,8.10,4.00
2007.04.26 15:21:49.762,2.3775,2.378,27.50,4.00
2007.04.26 15:21:51.152,2.37755,2.378,16.40,4.00
2007.04.26 15:21:51.579,2.3776,2.378,4.40,11.90
2007.04.26 15:21:51.832,2.37755,2.378,4.80,13.50
2007.04.26 15:21:52.129,2.3776,2.3779,0.80,4.00
2007.04.26 15:21:52.360,2.3775,2.378,3.50,5.60
2007.04.26 15:21:53.355,2.3775,2.378,12.40,5.60
2007.04.26 15:21:53.564,2.3775,2.378,10.00,9.60
2007.04.26 15:21:54.244,2.37745,2.3779,5.20,4.00
2007.04.26 15:21:57.772,2.37745,2.3779,3.20,4.00
2007.04.26 15:22:03.724,2.3775,2.3778,2.70,0.80
2007.04.26 15:22:03.986,2.3774,2.3778,19.10,0.80
2007.04.26 15:22:04.249,2.37735,2.3778,15.90,0.80
2007.04.26 15:22:04.495,2.37735,2.3778,14.30,0.80
2007.04.26 15:22:06.564,2.3774,2.3778,3.90,0.80
2007.04.26 15:22:07.238,2.3774,2.37785,7.00,3.20
2007.04.26 15:22:07.499,2.3775,2.37785,0.80,3.20
2007.04.26 15:22:08.094,2.3775,2.3779,2.90,4.00
2007.04.26 15:22:10.747,2.3775,2.3779,0.60,4.00
2007.04.26 15:22:11.330,2.3775,2.3779,3.50,4.00
2007.04.26 15:22:12.876,2.3775,2.3779,0.80,4.00
2007.04.26 15:22:13.150,2.3774,2.3779,31.50,4.00
2007.04.26 15:22:13.587,2.3775,2.3779,3.20,4.00
2007.04.26 15:22:14.533,2.37745,2.3779,5.60,4.00
2007.04.26 15:22:14.914,2.37745,2.3779,4.80,4.00
2007.04.26 15:22:15.538,2.3775,2.3779,1.10,4.00
2007.04.26 15:22:15.829,2.37745,2.3779,4.80,4.00
2007.04.26 15:22:16.183,2.3775,2.3779,1.40,4.00
2007.04.26 15:22:16.389,2.3775,2.3779,1.40,4.00
2007.04.26 15:22:19.141,2.3775,2.3779,0.90,4.00
2007.04.26 15:22:20.887,2.3774,2.3779,12.80,4.00
2007.04.26 15:22:26.217,2.37745,2.3779,5.60,4.00
2007.04.26 15:22:26.512,2.37745,2.3779,4.80,4.00
2007.04.26 15:22:27.939,2.3776,2.3779,0.80,4.00
2007.04.26 15:22:28.166,2.3776,2.3779,1.60,4.00
2007.04.26 15:22:28.388,2.3775,2.3779,4.80,4.00
2007.04.26 15:22:28.616,2.3775,2.3779,4.80,4.00
2007.04.26 15:22:28.829,2.3777,2.3779,1.50,4.00
2007.04.26 15:22:29.091,2.3776,2.378,6.40,3.20
2007.04.26 15:22:29.591,2.3775,2.378,18.70,7.20
2007.04.26 15:22:29.887,2.3775,2.378,16.70,7.20
2007.04.26 15:22:30.417,2.3776,2.378,8.40,7.20
2007.04.26 15:22:30.724,2.3776,2.3781,12.40,3.20
2007.04.26 15:22:31.278,2.3777,2.37815,0.80,3.20
2007.04.26 15:22:32.273,2.37765,2.37815,6.40,3.20
2007.04.26 15:22:32.556,2.3777,2.37815,1.00,3.20
2007.04.26 15:22:33.085,2.3778,2.37815,2.80,3.20
2007.04.26 15:22:33.400,2.3779,2.37815,0.80,3.20
2007.04.26 15:22:33.618,2.3779,2.3782,0.80,4.80
2007.04.26 15:22:33.795,2.37785,2.3783,3.20,12.00
2007.04.26 15:22:33.845,2.3778,2.3783,11.60,9.60
2007.04.26 15:22:34.107,2.3778,2.37835,8.80,12.00
2007.04.26 15:22:34.335,2.3778,2.3783,5.60,9.60
2007.04.26 15:22:34.592,2.3777,2.3782,7.60,4.80
2007.04.26 15:22:34.803,2.3778,2.3781,0.50,0.60
2007.04.26 15:22:35.068,2.3777,2.3782,9.20,8.00
2007.04.26 15:22:35.449,2.3778,2.378,0.50,0.80
2007.04.26 15:22:35.767,2.3776,2.378,15.10,4.80
2007.04.26 15:22:35.978,2.3776,2.378,15.10,4.80
2007.04.26 15:22:36.202,2.3775,2.378,18.70,4.80
2007.04.26 15:22:36.635,2.3776,2.3779,0.60,0.80
2007.04.26 15:22:36.899,2.3776,2.3781,29.90,9.60
2007.04.26 15:22:37.628,2.3776,2.3782,31.50,8.80
2007.04.26 15:22:37.950,2.37775,2.3782,0.90,0.70
2007.04.26 15:22:38.627,2.3777,2.37825,11.20,5.60
2007.04.26 15:22:38.869,2.3777,2.37825,11.20,7.20
2007.04.26 15:22:39.187,2.3778,2.37825,7.90,7.20
2007.04.26 15:22:39.550,2.3778,2.3783,7.90,18.00
2007.04.26 15:22:39.807,2.3777,2.3783,4.80,20.40
2007.04.26 15:22:40.620,2.3777,2.3782,4.80,0.80
2007.04.26 15:22:40.901,2.3777,2.3782,4.80,0.90
2007.04.26 15:22:41.388,2.3779,2.3783,0.80,14.80
2007.04.26 15:22:41.602,2.3779,2.3782,0.80,0.60
2007.04.26 15:22:42.947,2.3779,2.3782,3.20,0.70
2007.04.26 15:22:43.177,2.3779,2.3783,2.40,7.20
2007.04.26 15:22:43.435,2.3779,2.3784,3.20,11.20
2007.04.26 15:22:44.479,2.378,2.3784,0.80,18.30
2007.04.26 15:22:44.696,2.3779,2.3785,9.20,16.80
2007.04.26 15:22:44.908,2.3779,2.3785,7.20,29.10
2007.04.26 15:22:46.913,2.3779,2.3784,7.20,0.60
2007.04.26 15:22:49.288,2.3779,2.3785,7.20,29.90
2007.04.26 15:22:49.620,2.3779,2.3785,8.00,20.40
2007.04.26 15:22:49.845,2.3781,2.3785,0.80,12.00
2007.04.26 15:22:50.083,2.3782,2.3784,2.40,0.50
2007.04.26 15:22:50.298,2.3782,2.3787,6.40,16.00
2007.04.26 15:22:51.278,2.3782,2.3787,6.40,25.20
2007.04.26 15:22:51.607,2.3782,2.3787,2.40,25.20
2007.04.26 15:22:51.819,2.3781,2.3787,8.00,25.20
2007.04.26 15:22:52.941,2.3781,2.3786,7.20,14.80
2007.04.26 15:22:53.263,2.3781,2.3786,6.40,17.20
2007.04.26 15:22:53.595,2.378,2.3785,10.40,8.00
2007.04.26 15:22:53.883,2.378,2.3785,16.00,8.00
2007.04.26 15:22:54.087,2.378,2.3785,19.20,8.00
2007.04.26 15:22:55.495,2.378,2.3785,10.70,11.20
2007.04.26 15:22:55.712,2.378,2.3785,8.00,12.80
2007.04.26 15:23:00.941,2.378,2.3785,8.80,12.80
2007.04.26 15:23:01.387,2.378,2.3784,7.20,4.00
2007.04.26 15:23:02.177,2.378,2.3784,8.80,4.00
2007.04.26 15:23:02.531,2.378,2.3784,9.60,4.00
2007.04.26 15:23:02.915,2.378,2.3784,3.20,8.00
2007.04.26 15:23:03.205,2.378,2.3784,2.40,4.00
2007.04.26 15:23:03.408,2.378,2.3784,0.80,8.00
2007.04.26 15:23:04.924,2.378,2.3784,0.80,8.80
2007.04.26 15:23:05.152,2.378,2.3784,0.80,7.20
2007.04.26 15:23:05.675,2.378,2.3784,4.80,7.20
2007.04.26 15:23:05.922,2.378,2.3785,0.80,11.20
2007.04.26 15:23:06.180,2.378,2.3785,0.80,12.00
2007.04.26 15:23:06.615,2.378,2.3785,0.80,11.20
2007.04.26 15:23:06.824,2.378,2.3785,4.80,7.20
2007.04.26 15:23:07.511,2.378,2.3785,0.80,12.00
2007.04.26 15:23:08.048,2.378,2.3785,0.80,11.20
2007.04.26 15:23:08.556,2.378,2.3785,0.80,12.00
2007.04.26 15:23:10.123,2.378,2.3785,4.80,7.20
2007.04.26 15:23:10.575,2.3781,2.3785,2.40,7.20
2007.04.26 15:23:10.863,2.3782,2.3785,0.80,3.20
2007.04.26 15:23:11.110,2.3782,2.3786,0.80,9.60
2007.04.26 15:23:11.814,2.3782,2.3785,4.00,6.40
2007.04.26 15:23:12.023,2.3782,2.3785,4.00,7.20
2007.04.26 15:23:12.236,2.3782,2.3785,4.00,4.80
2007.04.26 15:23:12.564,2.3782,2.3785,4.00,4.00
2007.04.26 15:23:12.804,2.3781,2.3785,0.80,4.00
2007.04.26 15:23:13.498,2.37805,2.3784,2.40,4.00
2007.04.26 15:23:13.750,2.3781,2.3784,0.80,4.00
2007.04.26 15:23:13.964,2.3781,2.3785,0.80,4.00
2007.04.26 15:23:14.829,2.37815,2.3786,2.40,12.70
2007.04.26 15:23:15.174,2.3781,2.3786,11.20,12.70
2007.04.26 15:23:15.984,2.3781,2.3785,11.20,4.00
2007.04.26 15:23:16.314,2.3781,2.3785,10.40,4.80
2007.04.26 15:23:16.554,2.3781,2.3785,10.40,3.20
2007.04.26 15:23:16.977,2.3781,2.3785,6.40,7.20
2007.04.26 15:23:17.267,2.3782,2.3785,2.40,7.20
2007.04.26 15:23:17.474,2.3783,2.3785,0.80,4.00
2007.04.26 15:23:17.973,2.3783,2.37865,0.80,3.20
2007.04.26 15:23:18.572,2.3782,2.37865,8.00,3.20
2007.04.26 15:23:18.975,2.3783,2.37865,0.80,3.20
2007.04.26 15:23:19.214,2.3783,2.3787,8.70,3.20
2007.04.26 15:23:19.530,2.3784,2.3787,0.80,3.20
2007.04.26 15:23:19.805,2.3784,2.3787,6.40,3.20
2007.04.26 15:23:20.298,2.3784,2.3789,8.80,6.40
2007.04.26 15:23:21.480,2.3785,2.3789,1.60,4.00
2007.04.26 15:23:21.696,2.3785,2.3789,2.40,4.00
2007.04.26 15:23:21.959,2.3785,2.3789,0.80,8.00
2007.04.26 15:23:22.181,2.3784,2.3789,6.40,8.80
2007.04.26 15:23:22.499,2.3784,2.3789,2.40,8.80
2007.04.26 15:23:22.878,2.3784,2.3788,3.20,3.20
2007.04.26 15:23:23.201,2.3784,2.3788,2.40,3.20
2007.04.26 15:23:23.534,2.3784,2.3789,2.40,9.60
2007.04.26 15:23:24.621,2.3784,2.3789,1.60,9.60
2007.04.26 15:23:24.905,2.37835,2.3789,2.40,9.60
2007.04.26 15:23:25.336,2.3783,2.37885,11.20,3.20
2007.04.26 15:23:26.313,2.3784,2.37885,0.80,3.20
2007.04.26 15:23:26.530,2.3784,2.37885,2.40,3.20
2007.04.26 15:23:26.952,2.3786,2.3789,9.60,4.00
2007.04.26 15:23:27.332,2.3786,2.3789,8.80,4.00
2007.04.26 15:23:27.627,2.3786,2.3788,8.80,4.00
2007.04.26 15:23:27.913,2.3786,2.3788,8.00,4.00
2007.04.26 15:23:28.117,2.3786,2.379,7.20,12.00
2007.04.26 15:23:28.325,2.3786,2.379,0.80,16.00
2007.04.26 15:23:28.898,2.3786,2.379,0.80,16.80
2007.04.26 15:23:29.164,2.3786,2.379,0.80,17.60
2007.04.26 15:23:29.622,2.3785,2.379,3.20,20.80
2007.04.26 15:23:32.320,2.3785,2.379,3.20,21.60
2007.04.26 15:23:32.944,2.3786,2.379,1.60,12.00
2007.04.26 15:23:33.158,2.3786,2.379,1.60,9.60
2007.04.26 15:23:33.567,2.3785,2.379,3.20,14.40
2007.04.26 15:23:33.862,2.3785,2.379,3.20,13.60
2007.04.26 15:23:34.325,2.3785,2.379,3.20,12.00
2007.04.26 15:23:34.596,2.3785,2.379,7.20,11.20
2007.04.26 15:23:34.859,2.37855,2.379,2.40,8.00
2007.04.26 15:23:35.093,2.3786,2.379,2.40,8.00
2007.04.26 15:23:35.651,2.3786,2.379,6.40,8.00
2007.04.26 15:23:35.881,2.3786,2.379,8.80,8.80
2007.04.26 15:23:36.201,2.3786,2.379,4.80,8.80
2007.04.26 15:23:36.320,2.3786,2.3791,4.80,18.80
2007.04.26 15:23:36.416,2.3786,2.3791,2.40,29.90
2007.04.26 15:23:36.648,2.3786,2.379,2.40,20.70
2007.04.26 15:23:40.352,2.3786,2.3789,0.80,8.00
2007.04.26 15:23:40.573,2.3785,2.3789,2.40,18.70
2007.04.26 15:23:41.817,2.3785,2.3789,4.00,10.70
2007.04.26 15:23:42.032,2.3785,2.3789,9.60,10.70
2007.04.26 15:23:42.269,2.3785,2.37905,12.00,12.00
2007.04.26 15:23:42.921,2.3785,2.379,10.40,9.60
2007.04.26 15:23:43.132,2.3785,2.379,6.40,20.30
2007.04.26 15:23:44.340,2.3785,2.3789,6.40,4.80
2007.04.26 15:23:44.664,2.37845,2.3789,2.40,14.70
2007.04.26 15:23:44.943,2.37845,2.3788,2.40,0.50
2007.04.26 15:23:45.204,2.3785,2.3788,0.80,0.60
2007.04.26 15:23:45.762,2.3785,2.379,0.80,30.30
2007.04.26 15:23:45.971,2.3785,2.3791,3.20,38.70
2007.04.26 15:23:46.338,2.37845,2.3788,2.40,0.80
2007.04.26 15:23:48.133,2.3784,2.3789,4.00,24.30
2007.04.26 15:23:48.566,2.3784,2.37885,4.00,14.30
2007.04.26 15:23:50.577,2.3786,2.37885,4.80,0.60
2007.04.26 15:23:51.021,2.3786,2.379,4.80,0.50
2007.04.26 15:23:51.574,2.3786,2.37905,4.00,18.30
2007.04.26 15:23:52.264,2.3786,2.37905,4.00,22.30
2007.04.26 15:23:52.805,2.3786,2.37905,4.00,24.70
2007.04.26 15:23:53.340,2.3786,2.3791,4.00,33.10
2007.04.26 15:23:53.961,2.3786,2.3791,4.00,30.70
2007.04.26 15:23:54.196,2.3787,2.3791,4.00,25.20
2007.04.26 15:23:54.783,2.3786,2.3791,4.00,23.60
2007.04.26 15:23:55.007,2.3786,2.3791,4.00,16.40
2007.04.26 15:23:55.252,2.3786,2.379,4.80,0.50
2007.04.26 15:23:55.505,2.3787,2.379,4.00,0.50
2007.04.26 15:23:55.810,2.3787,2.3791,4.00,17.60
2007.04.26 15:23:56.232,2.3787,2.379,4.00,10.40
2007.04.26 15:23:58.664,2.3787,2.379,4.00,19.50
2007.04.26 15:23:59.251,2.3787,2.3788,4.00,0.80
2007.04.26 15:24:00.219,2.3787,2.3789,4.00,0.60
2007.04.26 15:24:01.932,2.3787,2.379,4.00,14.80
2007.04.26 15:24:02.360,2.3785,2.379,3.20,20.80
2007.04.26 15:24:02.663,2.3785,2.379,3.20,28.00
2007.04.26 15:24:02.947,2.3785,2.379,0.80,23.20
2007.04.26 15:24:03.178,2.3785,2.3789,4.80,0.90
2007.04.26 15:24:03.399,2.37855,2.379,2.40,18.40
2007.04.26 15:24:04.012,2.37855,2.379,2.40,19.20
2007.04.26 15:24:04.234,2.37855,2.379,2.40,24.70
2007.04.26 15:24:04.676,2.3784,2.3789,16.00,4.00
2007.04.26 15:24:04.953,2.3784,2.3789,15.20,4.00
2007.04.26 15:24:05.340,2.3784,2.3789,14.40,4.00
2007.04.26 15:24:05.600,2.3784,2.3788,10.40,4.00
2007.04.26 15:24:05.929,2.3784,2.3788,12.00,4.00
2007.04.26 15:24:06.216,2.3785,2.3788,1.60,4.00
2007.04.26 15:24:06.673,2.3785,2.3788,2.40,4.00
2007.04.26 15:24:07.336,2.3786,2.3788,1.60,4.00
2007.04.26 15:24:07.648,2.3786,2.3788,2.40,4.00
2007.04.26 15:24:07.852,2.3786,2.3789,2.40,0.80
2007.04.26 15:24:09.329,2.3786,2.379,1.60,24.70
2007.04.26 15:24:09.408,2.3786,2.379,0.80,24.70
2007.04.26 15:24:09.574,2.3784,2.379,18.00,24.70
2007.04.26 15:24:10.658,2.3785,2.379,2.90,12.00
2007.04.26 15:24:12.207,2.3784,2.3788,14.00,4.00
2007.04.26 15:24:12.425,2.3784,2.3787,11.20,4.00
2007.04.26 15:24:12.662,2.3784,2.3788,5.60,4.00
2007.04.26 15:24:12.871,2.3785,2.3788,5.60,4.00
2007.04.26 15:24:13.135,2.3785,2.3788,12.70,4.00
2007.04.26 15:24:13.540,2.3787,2.3788,2.00,4.00
2007.04.26 15:24:13.985,2.3788,2.37905,1.80,3.20
2007.04.26 15:24:14.866,2.3786,2.3789,13.60,4.00
2007.04.26 15:24:15.413,2.3786,2.3789,12.80,4.80
2007.04.26 15:24:15.809,2.3786,2.3788,8.80,4.00
2007.04.26 15:24:16.210,2.37865,2.3788,4.00,4.00
2007.04.26 15:24:16.430,2.3787,2.3788,1.60,4.00
2007.04.26 15:24:16.742,2.3786,2.379,8.80,15.90
2007.04.26 15:24:17.037,2.3785,2.379,15.60,4.00
2007.04.26 15:24:18.466,2.3785,2.3789,21.90,2.40
2007.04.26 15:24:19.517,2.3785,2.3789,9.60,2.40
2007.04.26 15:24:19.845,2.3785,2.3789,12.00,0.80
2007.04.26 15:24:20.442,2.3785,2.3789,11.20,3.20
2007.04.26 15:24:20.772,2.3786,2.3789,0.80,2.40
2007.04.26 15:24:21.025,2.3785,2.3789,13.60,3.20
2007.04.26 15:24:21.817,2.3786,2.3789,4.60,0.80
2007.04.26 15:24:22.089,2.3785,2.3789,12.80,0.80
2007.04.26 15:24:22.327,2.3788,2.379,0.80,4.00
2007.04.26 15:24:22.534,2.3787,2.379,6.00,4.00
2007.04.26 15:24:22.774,2.3787,2.37915,6.80,3.20
2007.04.26 15:24:23.029,2.3787,2.37915,10.80,3.20
2007.04.26 15:24:23.268,2.3788,2.37915,0.70,3.20
2007.04.26 15:24:24.146,2.3787,2.37915,13.60,3.20
2007.04.26 15:24:24.496,2.3788,2.3792,4.10,7.20
2007.04.26 15:24:24.733,2.3787,2.3792,20.00,3.20
2007.04.26 15:24:24.937,2.3787,2.3792,26.00,3.20
2007.04.26 15:24:25.163,2.3789,2.3793,0.70,3.20
2007.04.26 15:24:25.437,2.3788,2.3791,16.80,2.40
2007.04.26 15:24:25.713,2.3788,2.379,12.80,4.00
2007.04.26 15:24:25.935,2.3789,2.3791,1.70,2.40
2007.04.26 15:24:26.478,2.3788,2.3789,11.10,4.00
2007.04.26 15:24:26.685,2.37875,2.3789,9.60,4.00
2007.04.26 15:24:26.890,2.37875,2.379,9.60,4.00
2007.04.26 15:24:27.840,2.3788,2.3791,2.90,2.40
2007.04.26 15:24:28.588,2.3788,2.3791,7.20,2.40
2007.04.26 15:24:28.848,2.3789,2.3791,0.50,2.40
2007.04.26 15:24:29.921,2.3789,2.3792,1.20,4.80
2007.04.26 15:24:32.906,2.3789,2.3791,1.10,3.20
2007.04.26 15:24:34.955,2.3788,2.3791,9.60,4.00
2007.04.26 15:24:35.564,2.3789,2.3791,1.30,3.20
2007.04.26 15:24:37.939,2.37885,2.3792,4.80,4.00
2007.04.26 15:24:38.432,2.37885,2.3791,4.80,3.20
2007.04.26 15:24:39.275,2.3789,2.3792,2.40,4.00
2007.04.26 15:24:39.608,2.3789,2.3793,2.40,4.00
2007.04.26 15:24:39.947,2.3789,2.3791,2.40,3.20
2007.04.26 15:24:40.265,2.3789,2.3791,2.40,4.00
2007.04.26 15:24:40.606,2.3789,2.379,2.40,4.00
2007.04.26 15:24:41.824,2.3789,2.3792,2.40,12.00
2007.04.26 15:24:42.141,2.3789,2.3792,3.20,7.20
2007.04.26 15:24:42.404,2.3789,2.3792,2.40,7.20
2007.04.26 15:24:42.895,2.379,2.3792,2.40,7.20
2007.04.26 15:24:43.217,2.379,2.3792,2.40,8.00
2007.04.26 15:24:43.513,2.379,2.3792,2.40,7.20
2007.04.26 15:24:44.050,2.379,2.3792,2.40,3.20
2007.04.26 15:24:44.588,2.379,2.3793,1.60,0.80
2007.04.26 15:24:44.815,2.3791,2.3793,0.80,0.80
2007.04.26 15:24:45.095,2.379,2.3793,6.40,0.80
2007.04.26 15:24:45.842,2.379,2.3794,6.40,11.10
2007.04.26 15:24:46.343,2.379,2.3794,2.40,11.10
2007.04.26 15:24:46.569,2.3789,2.37935,6.40,3.20
2007.04.26 15:24:46.959,2.379,2.3793,4.00,2.40
2007.04.26 15:24:47.470,2.379,2.3792,4.00,2.40
2007.04.26 15:24:47.749,2.3789,2.3792,6.40,11.10
2007.04.26 15:24:47.973,2.3789,2.3792,2.40,11.10
2007.04.26 15:24:48.330,2.3789,2.3792,2.40,8.70
2007.04.26 15:24:48.584,2.3789,2.3793,6.40,2.40
2007.04.26 15:24:48.793,2.37895,2.3793,2.40,2.40
2007.04.26 15:24:49.322,2.37895,2.3792,2.40,3.20
2007.04.26 15:24:49.545,2.37895,2.3792,2.40,11.10
2007.04.26 15:24:49.758,2.3789,2.3792,2.40,15.10
2007.04.26 15:24:52.287,2.3789,2.3793,2.40,17.10
2007.04.26 15:24:52.643,2.3789,2.3793,1.60,9.20
2007.04.26 15:24:52.976,2.3788,2.3792,17.60,0.50
2007.04.26 15:24:53.249,2.3788,2.3793,15.20,8.40
2007.04.26 15:24:53.485,2.3788,2.3793,12.00,8.40
2007.04.26 15:24:53.940,2.3788,2.3792,4.80,0.50
2007.04.26 15:24:54.225,2.3788,2.3793,2.40,10.80
2007.04.26 15:24:55.300,2.3788,2.3793,6.40,7.20
2007.04.26 15:24:55.786,2.3788,2.3794,14.80,20.70
2007.04.26 15:24:56.010,2.379,2.3793,0.80,0.70
2007.04.26 15:24:56.223,2.379,2.3793,2.40,0.90
2007.04.26 15:24:56.872,2.379,2.3794,6.40,4.00
2007.04.26 15:24:57.078,2.379,2.3794,6.40,0.80
2007.04.26 15:24:57.292,2.379,2.37945,18.30,0.60
2007.04.26 15:24:57.571,2.3791,2.3796,4.00,12.00
2007.04.26 15:24:58.064,2.3791,2.37965,11.20,8.00
2007.04.26 15:24:58.669,2.3791,2.3796,10.40,6.40
2007.04.26 15:24:58.901,2.379,2.3794,8.80,0.80
2007.04.26 15:24:59.113,2.379,2.37945,10.40,4.00
2007.04.26 15:24:59.342,2.379,2.3792,10.40,0.80
2007.04.26 15:24:59.583,2.379,2.3793,6.40,6.00
2007.04.26 15:24:59.897,2.379,2.3794,10.40,8.00
2007.04.26 15:25:00.200,2.379,2.3795,10.40,22.70
2007.04.26 15:25:00.443,2.3792,2.3795,4.00,22.70
2007.04.26 15:25:00.647,2.379,2.3794,6.40,4.80
2007.04.26 15:25:01.333,2.379,2.3793,4.80,2.80
2007.04.26 15:25:01.562,2.379,2.3794,4.00,2.80
2007.04.26 15:25:01.788,2.37885,2.3794,2.40,15.60
2007.04.26 15:25:01.999,2.3788,2.3794,7.20,16.40
2007.04.26 15:25:02.341,2.3788,2.3793,9.60,0.80
2007.04.26 15:25:02.602,2.3788,2.3793,13.60,0.50
2007.04.26 15:25:04.651,2.3789,2.37935,1.60,8.00
2007.04.26 15:25:04.862,2.3789,2.37935,2.40,8.00
2007.04.26 15:25:05.521,2.379,2.3793,1.60,0.90
2007.04.26 15:25:05.975,2.379,2.37935,2.40,8.00
2007.04.26 15:25:06.230,2.379,2.37935,2.40,7.20
2007.04.26 15:25:06.805,2.379,2.37935,1.60,8.00
2007.04.26 15:25:07.010,2.3788,2.37935,12.80,9.60
2007.04.26 15:25:07.230,2.3788,2.3793,13.60,0.70
2007.04.26 15:25:07.555,2.3788,2.3793,12.80,9.20
2007.04.26 15:25:07.855,2.3788,2.3793,12.80,9.20
2007.04.26 15:25:08.144,2.3789,2.3793,2.40,8.80
2007.04.26 15:25:08.350,2.3789,2.3793,2.40,0.50
2007.04.26 15:25:08.575,2.3789,2.3793,3.20,0.50
2007.04.26 15:25:09.297,2.3789,2.3793,8.80,0.80
2007.04.26 15:25:09.822,2.3789,2.3794,4.80,14.00
2007.04.26 15:25:10.102,2.3789,2.3794,2.40,17.20
2007.04.26 15:25:14.911,2.37885,2.3792,2.40,2.80
2007.04.26 15:25:15.243,2.3788,2.3791,2.40,0.80
2007.04.26 15:25:16.985,2.3788,2.3793,10.40,9.60
2007.04.26 15:25:17.220,2.3788,2.37935,12.80,8.00
2007.04.26 15:25:19.656,2.3788,2.37935,8.80,11.20
2007.04.26 15:25:19.987,2.3788,2.3794,6.40,33.90
2007.04.26 15:25:21.314,2.3788,2.3791,2.40,0.80
2007.04.26 15:25:21.888,2.3788,2.3792,6.40,3.20
2007.04.26 15:25:23.356,2.3788,2.3793,6.40,15.20
2007.04.26 15:25:26.635,2.379,2.3793,0.80,11.20
2007.04.26 15:25:27.677,2.3789,2.3793,2.40,8.00
2007.04.26 15:25:27.977,2.3789,2.3793,1.60,7.20
2007.04.26 15:25:28.182,2.3789,2.3793,1.60,10.40
2007.04.26 15:25:28.377,2.3789,2.3793,1.10,10.40
2007.04.26 15:25:28.509,2.3788,2.3793,5.10,10.40
2007.04.26 15:25:29.003,2.3788,2.3793,4.70,10.40
2007.04.26 15:25:29.313,2.3787,2.3793,30.70,7.20
2007.04.26 15:25:30.944,2.3788,2.3793,4.50,7.20
2007.04.26 15:25:31.543,2.3788,2.37925,8.40,3.20
2007.04.26 15:25:32.878,2.3787,2.37925,27.10,3.20
2007.04.26 15:25:33.483,2.3787,2.37925,18.40,3.20
2007.04.26 15:25:34.522,2.3787,2.37925,25.20,3.20
2007.04.26 15:25:34.750,2.3788,2.3793,25.50,4.00
2007.04.26 15:25:35.704,2.3787,2.3793,19.20,8.80
2007.04.26 15:25:36.012,2.3788,2.3793,3.10,10.40
2007.04.26 15:25:36.230,2.3787,2.3791,14.40,0.80
2007.04.26 15:25:36.498,2.3788,2.3791,0.90,0.80
2007.04.26 15:25:36.714,2.3788,2.379,1.60,4.80
2007.04.26 15:25:36.917,2.3787,2.3788,10.40,4.00
2007.04.26 15:25:37.391,2.3787,2.3788,13.60,4.00
2007.04.26 15:25:37.625,2.3786,2.379,17.60,4.00
2007.04.26 15:25:37.843,2.3787,2.37915,12.80,3.20
2007.04.26 15:25:38.048,2.3787,2.37915,9.60,3.20
