2017.04.03 18:00:00.052,1.38442,1.38452,1.00,1.87
2017.04.03 18:00:00.103,1.38441,1.38453,1.00,1.37
2017.04.03 18:00:00.154,1.38441,1.38454,1.00,1.50
2017.04.03 18:00:00.255,1.38442,1.38454,1.56,1.00
2017.04.03 18:00:00.559,1.38447,1.38457,1.00,1.12
2017.04.03 18:00:00.742,1.38447,1.38458,1.56,1.00
2017.04.03 18:00:01.301,1.38448,1.38461,1.31,1.37
2017.04.03 18:00:01.606,1.38445,1.38457,3.00,1.00
2017.04.03 18:00:01.758,1.38443,1.38457,3.00,1.00
2017.04.03 18:00:02.116,1.38445,1.38459,3.00,1.00
2017.04.03 18:00:02.644,1.38444,1.38459,3.75,1.00
2017.04.03 18:00:04.147,1.38446,1.38459,3.00,1.00
2017.04.03 18:00:04.598,1.38446,1.38457,3.00,1.00
2017.04.03 18:00:04.776,1.38443,1.38458,1.19,1.87
2017.04.03 18:00:05.331,1.38442,1.38457,1.31,1.87
2017.04.03 18:00:05.869,1.38441,1.38457,3.75,3.00
2017.04.03 18:00:06.021,1.3844,1.38453,1.25,1.00
2017.04.03 18:00:06.679,1.3844,1.38452,1.25,1.00
2017.04.03 18:00:07.516,1.38441,1.38453,1.00,1.00
2017.04.03 18:00:07.567,1.38441,1.38455,1.31,1.50
2017.04.03 18:00:08.088,1.38443,1.38455,1.25,1.50
2017.04.03 18:00:08.424,1.38441,1.38455,1.00,1.12
2017.04.03 18:00:10.046,1.38442,1.38455,1.00,1.12
2017.04.03 18:00:10.923,1.38442,1.38457,2.62,2.25
2017.04.03 18:00:13.233,1.38442,1.38456,1.00,1.50
2017.04.03 18:00:14.090,1.3844,1.38455,1.00,1.12
2017.04.03 18:00:14.627,1.38441,1.38456,1.00,1.50
2017.04.03 18:00:15.917,1.38442,1.38457,2.62,2.62
2017.04.03 18:00:16.731,1.38439,1.38454,2.32,1.50
2017.04.03 18:00:16.834,1.38442,1.38453,1.00,1.87
2017.04.03 18:00:17.141,1.38444,1.38455,1.00,1.12
2017.04.03 18:00:17.660,1.38444,1.38457,1.50,3.37
2017.04.03 18:00:18.187,1.38445,1.38457,1.00,1.87
2017.04.03 18:00:18.850,1.38448,1.38457,1.00,1.87
2017.04.03 18:00:18.952,1.38447,1.38461,1.00,1.87
2017.04.03 18:00:19.307,1.38444,1.38458,1.57,1.87
2017.04.03 18:00:19.745,1.38447,1.38458,1.00,1.37
2017.04.03 18:00:20.251,1.38447,1.38458,1.00,1.75
2017.04.03 18:00:20.759,1.38447,1.38459,1.00,1.87
2017.04.03 18:00:21.156,1.38449,1.38461,1.00,1.12
2017.04.03 18:00:21.461,1.3845,1.38461,1.00,1.00
2017.04.03 18:00:21.969,1.38451,1.38461,1.00,1.37
2017.04.03 18:00:22.512,1.38451,1.38463,1.50,1.12
2017.04.03 18:00:23.206,1.38451,1.38463,1.00,1.12
2017.04.03 18:00:24.447,1.38452,1.38463,1.50,1.00
2017.04.03 18:00:24.548,1.38456,1.38465,1.50,1.75
2017.04.03 18:00:24.650,1.38456,1.38469,1.50,3.75
2017.04.03 18:00:24.701,1.38457,1.38469,1.00,2.62
2017.04.03 18:00:25.371,1.38459,1.38469,1.12,1.37
2017.04.03 18:00:25.543,1.3846,1.38473,1.00,3.00
2017.04.03 18:00:26.050,1.38459,1.38472,1.50,1.00
2017.04.03 18:00:28.624,1.38458,1.38471,1.00,1.12
2017.04.03 18:00:28.726,1.38454,1.3847,1.00,3.00
2017.04.03 18:00:28.777,1.38454,1.38466,1.00,1.12
2017.04.03 18:00:29.081,1.38452,1.38463,1.00,1.00
2017.04.03 18:00:29.598,1.38449,1.38463,1.00,1.87
2017.04.03 18:00:29.649,1.38451,1.38463,1.00,1.00
2017.04.03 18:00:30.154,1.38447,1.38462,1.87,1.00
2017.04.03 18:00:30.358,1.38446,1.3846,1.37,1.00
2017.04.03 18:00:30.409,1.38445,1.38458,2.25,1.00
2017.04.03 18:00:30.461,1.38443,1.38456,1.87,1.00
2017.04.03 18:00:30.664,1.38446,1.38459,1.00,1.12
2017.04.03 18:00:30.766,1.38449,1.3846,1.00,1.87
2017.04.03 18:00:31.312,1.38448,1.38461,1.00,1.00
2017.04.03 18:00:31.617,1.38446,1.38461,1.00,1.00
2017.04.03 18:00:33.760,1.38448,1.38461,1.00,1.00
2017.04.03 18:00:34.281,1.38447,1.38462,1.00,1.00
2017.04.03 18:00:34.585,1.3845,1.38462,1.00,1.00
2017.04.03 18:00:34.840,1.38447,1.38462,1.87,1.00
2017.04.03 18:00:35.363,1.38448,1.38462,1.00,1.12
2017.04.03 18:00:35.566,1.38448,1.38464,1.37,1.87
2017.04.03 18:00:35.971,1.38449,1.38464,2.62,1.12
2017.04.03 18:00:36.478,1.38448,1.38463,3.75,1.00
2017.04.03 18:00:36.655,1.38452,1.38466,1.37,1.00
2017.04.03 18:00:36.912,1.38451,1.38466,1.50,1.00
2017.04.03 18:00:37.419,1.38452,1.38465,1.00,1.00
2017.04.03 18:00:37.622,1.38453,1.38468,1.37,1.50
2017.04.03 18:00:37.723,1.38451,1.38466,1.50,1.00
2017.04.03 18:00:37.926,1.38452,1.38467,1.37,1.50
2017.04.03 18:00:38.401,1.38453,1.38469,1.37,1.12
2017.04.03 18:00:39.513,1.38453,1.38469,1.12,1.12
2017.04.03 18:00:40.330,1.38453,1.38467,1.12,1.00
2017.04.03 18:00:40.737,1.38451,1.38464,1.00,1.00
2017.04.03 18:00:40.839,1.38448,1.38463,3.00,1.00
2017.04.03 18:00:40.941,1.38448,1.38461,1.00,1.00
2017.04.03 18:00:40.993,1.38446,1.38461,2.25,1.00
2017.04.03 18:00:41.527,1.38447,1.38462,1.87,1.12
2017.04.03 18:00:42.039,1.38448,1.38462,1.00,1.12
2017.04.03 18:00:44.969,1.38448,1.38463,3.58,1.50
2017.04.03 18:00:45.324,1.3845,1.38464,1.15,1.00
2017.04.03 18:00:45.873,1.3845,1.38464,1.00,1.00
2017.04.03 18:00:47.279,1.38449,1.38464,1.00,1.00
2017.04.03 18:00:47.331,1.38449,1.38462,1.00,1.00
2017.04.03 18:00:47.433,1.38446,1.38462,1.37,1.00
2017.04.03 18:00:47.944,1.38446,1.38463,2.25,1.50
2017.04.03 18:00:48.267,1.38448,1.38463,1.00,1.00
2017.04.03 18:00:48.980,1.38446,1.38459,1.12,1.00
2017.04.03 18:00:49.284,1.38454,1.38465,1.00,1.87
2017.04.03 18:00:49.488,1.38457,1.38469,1.00,1.12
2017.04.03 18:00:49.640,1.38456,1.38469,1.00,1.12
2017.04.03 18:00:50.107,1.38453,1.38467,1.00,1.37
2017.04.03 18:00:50.209,1.38449,1.38463,1.00,1.37
2017.04.03 18:00:51.996,1.38449,1.38461,1.00,1.00
2017.04.03 18:00:52.517,1.38449,1.38462,1.00,1.12
2017.04.03 18:00:54.762,1.38446,1.38459,1.00,1.00
2017.04.03 18:00:54.814,1.38446,1.38461,1.00,1.00
2017.04.03 18:00:54.865,1.38448,1.38461,1.00,1.50
2017.04.03 18:00:55.171,1.38448,1.38461,1.00,1.87
2017.04.03 18:00:55.703,1.38449,1.38461,1.00,1.87
2017.04.03 18:00:55.805,1.38449,1.38461,1.00,1.00
2017.04.03 18:00:56.110,1.38447,1.38461,1.00,1.37
2017.04.03 18:00:56.680,1.38446,1.38461,1.00,2.25
2017.04.03 18:00:59.030,1.38446,1.3846,1.50,1.00
2017.04.03 18:01:01.126,1.38445,1.3846,1.00,2.25
2017.04.03 18:01:01.468,1.38442,1.38457,1.00,2.25
2017.04.03 18:01:01.722,1.38442,1.38457,1.00,4.12
2017.04.03 18:01:01.924,1.3844,1.38455,1.00,1.37
2017.04.03 18:01:02.710,1.3844,1.38455,1.00,1.12
2017.04.03 18:01:03.819,1.3844,1.38456,1.00,1.87
2017.04.03 18:01:07.900,1.3844,1.38456,1.00,1.37
2017.04.03 18:01:08.002,1.3844,1.38454,1.00,2.25
2017.04.03 18:01:08.198,1.38438,1.38452,1.12,1.37
2017.04.03 18:01:08.249,1.3844,1.38453,1.00,3.00
2017.04.03 18:01:08.301,1.3844,1.38453,1.00,1.00
2017.04.03 18:01:12.835,1.38439,1.38453,1.00,1.50
2017.04.03 18:01:14.217,1.38438,1.38452,1.00,1.87
2017.04.03 18:01:14.725,1.3844,1.38453,1.00,1.37
2017.04.03 18:01:15.266,1.3844,1.38454,1.00,1.12
2017.04.03 18:01:16.301,1.38439,1.38454,1.00,1.12
2017.04.03 18:01:17.322,1.38436,1.38453,1.00,2.25
2017.04.03 18:01:17.657,1.38435,1.38448,1.00,2.25
2017.04.03 18:01:17.708,1.38432,1.38446,1.00,1.12
2017.04.03 18:01:17.860,1.3843,1.38446,1.00,1.00
2017.04.03 18:01:18.013,1.38432,1.38446,1.00,1.00
2017.04.03 18:01:18.744,1.38433,1.38446,1.00,1.00
2017.04.03 18:01:21.646,1.38435,1.38449,1.00,2.25
2017.04.03 18:01:21.798,1.38436,1.3845,1.00,3.00
2017.04.03 18:01:22.305,1.38436,1.38449,1.00,1.50
2017.04.03 18:01:23.043,1.38436,1.38449,1.00,3.00
2017.04.03 18:01:23.569,1.38435,1.38448,1.00,1.00
2017.04.03 18:01:24.608,1.38435,1.38449,1.00,3.75
2017.04.03 18:01:26.025,1.38435,1.38448,1.00,1.00
2017.04.03 18:01:28.541,1.38435,1.38449,1.00,1.75
2017.04.03 18:01:28.694,1.38433,1.38448,1.00,1.00
2017.04.03 18:01:28.976,1.38435,1.38449,1.00,1.37
2017.04.03 18:01:30.508,1.38436,1.38449,1.00,1.37
2017.04.03 18:01:34.081,1.38435,1.38449,1.00,1.87
2017.04.03 18:01:34.617,1.38435,1.38449,1.00,1.31
2017.04.03 18:01:34.935,1.38438,1.38449,1.00,1.50
2017.04.03 18:01:35.484,1.38437,1.38449,1.00,1.50
2017.04.03 18:01:35.966,1.38435,1.38449,1.25,1.50
2017.04.03 18:01:36.468,1.38436,1.3845,1.00,1.00
2017.04.03 18:01:36.709,1.38436,1.3845,1.00,1.37
2017.04.03 18:01:38.002,1.38436,1.38451,1.00,2.62
2017.04.03 18:01:38.508,1.38435,1.38449,1.00,1.62
2017.04.03 18:01:39.886,1.38435,1.38451,1.00,3.94
2017.04.03 18:01:40.433,1.38435,1.38451,1.00,3.94
2017.04.03 18:01:40.692,1.38437,1.38451,1.00,2.44
2017.04.03 18:01:40.997,1.38441,1.38453,1.00,1.37
2017.04.03 18:01:41.864,1.38437,1.38452,1.00,1.87
2017.04.03 18:01:42.017,1.38435,1.38448,1.12,1.00
2017.04.03 18:01:42.508,1.38438,1.3845,1.00,1.37
2017.04.03 18:01:43.134,1.38437,1.38451,1.00,1.31
2017.04.03 18:01:43.707,1.38441,1.38452,1.00,1.56
2017.04.03 18:01:43.758,1.38441,1.38453,1.00,1.12
2017.04.03 18:01:43.810,1.38444,1.38453,1.00,1.12
2017.04.03 18:01:43.861,1.38442,1.38456,1.00,1.50
2017.04.03 18:01:44.385,1.38443,1.38454,1.00,1.00
2017.04.03 18:01:44.975,1.38442,1.38456,1.00,1.37
2017.04.03 18:01:45.477,1.38441,1.38456,1.00,1.87
2017.04.03 18:01:45.831,1.38438,1.38452,1.50,1.00
2017.04.03 18:01:45.932,1.38437,1.38451,1.00,1.12
2017.04.03 18:01:46.471,1.38438,1.38451,1.00,1.12
2017.04.03 18:01:47.577,1.38437,1.38451,1.00,1.87
2017.04.03 18:01:48.108,1.38436,1.38449,1.00,1.12
2017.04.03 18:01:48.362,1.38434,1.38449,1.00,1.12
2017.04.03 18:01:50.332,1.38435,1.38449,1.00,1.87
2017.04.03 18:01:50.900,1.38435,1.38449,1.00,1.37
2017.04.03 18:01:51.436,1.38435,1.38447,1.00,1.00
2017.04.03 18:01:52.802,1.38437,1.38449,1.00,2.62
2017.04.03 18:01:53.106,1.38434,1.3845,1.00,2.06
2017.04.03 18:01:53.410,1.38434,1.38447,1.00,1.12
2017.04.03 18:01:54.068,1.38433,1.38448,1.00,1.75
2017.04.03 18:01:54.380,1.38436,1.38448,1.00,1.87
2017.04.03 18:01:54.431,1.38437,1.38448,1.00,1.12
2017.04.03 18:01:54.482,1.38439,1.38448,1.00,1.12
2017.04.03 18:01:54.634,1.38436,1.3845,1.00,1.00
2017.04.03 18:01:54.837,1.38436,1.38451,1.00,2.25
2017.04.03 18:01:55.443,1.38435,1.38449,1.00,1.37
2017.04.03 18:01:55.949,1.38434,1.38448,1.00,1.37
2017.04.03 18:01:57.236,1.38431,1.38447,1.00,2.25
2017.04.03 18:01:57.463,1.38429,1.38442,1.50,1.00
2017.04.03 18:01:58.726,1.38428,1.38443,1.00,1.87
2017.04.03 18:01:59.295,1.3843,1.38442,1.00,1.87
2017.04.03 18:01:59.599,1.38435,1.38448,1.00,3.00
2017.04.03 18:01:59.801,1.38434,1.38448,1.00,1.37
2017.04.03 18:02:01.830,1.38432,1.38446,1.00,1.50
2017.04.03 18:02:01.931,1.38433,1.38446,1.00,2.25
2017.04.03 18:02:02.236,1.38435,1.38446,1.00,1.50
2017.04.03 18:02:02.338,1.38434,1.38448,1.00,1.50
2017.04.03 18:02:02.490,1.38434,1.38445,1.00,1.00
2017.04.03 18:02:03.375,1.3843,1.38444,1.00,1.00
2017.04.03 18:02:03.876,1.3843,1.38443,1.00,1.00
2017.04.03 18:02:04.940,1.38429,1.38444,2.62,1.00
2017.04.03 18:02:05.451,1.38431,1.38444,1.87,1.00
2017.04.03 18:02:05.654,1.38433,1.38446,1.00,1.00
2017.04.03 18:02:05.705,1.38433,1.38448,1.50,1.00
2017.04.03 18:02:05.757,1.38433,1.38448,1.87,1.00
2017.04.03 18:02:06.061,1.38437,1.38446,1.00,1.00
2017.04.03 18:02:06.128,1.38433,1.38446,1.87,1.00
2017.04.03 18:02:06.180,1.38433,1.38446,1.50,1.00
2017.04.03 18:02:06.636,1.3843,1.38444,1.75,1.00
2017.04.03 18:02:06.838,1.38432,1.38446,1.00,1.50
2017.04.03 18:02:06.989,1.38433,1.38448,1.12,1.12
2017.04.03 18:02:07.293,1.38433,1.38446,1.00,1.00
2017.04.03 18:02:07.800,1.3843,1.38445,3.00,1.00
2017.04.03 18:02:08.189,1.38432,1.38447,1.50,1.00
2017.04.03 18:02:08.700,1.38432,1.38448,2.25,1.12
2017.04.03 18:02:10.806,1.38433,1.38447,1.37,1.00
2017.04.03 18:02:11.009,1.3843,1.38445,1.50,1.00
2017.04.03 18:02:11.313,1.38431,1.38447,1.12,1.50
2017.04.03 18:02:11.836,1.38431,1.38448,3.00,1.00
2017.04.03 18:02:11.888,1.38434,1.38449,1.37,1.00
2017.04.03 18:02:12.040,1.38435,1.38451,1.00,1.12
2017.04.03 18:02:13.555,1.38436,1.38451,1.00,1.12
2017.04.03 18:02:14.211,1.38435,1.3845,1.50,1.00
2017.04.03 18:02:16.365,1.38435,1.3845,1.12,1.50
2017.04.03 18:02:17.113,1.38433,1.38447,1.37,1.00
2017.04.03 18:02:17.214,1.38432,1.38447,1.00,1.12
2017.04.03 18:02:17.720,1.38431,1.38446,1.87,1.37
2017.04.03 18:02:17.923,1.3843,1.38445,1.00,1.00
2017.04.03 18:02:18.176,1.38432,1.38447,1.00,1.50
2017.04.03 18:02:18.958,1.38432,1.38447,1.00,1.50
2017.04.03 18:02:22.475,1.38431,1.38446,1.12,1.12
2017.04.03 18:02:23.248,1.38431,1.38446,1.00,1.87
2017.04.03 18:02:24.481,1.38429,1.38446,1.12,2.25
2017.04.03 18:02:25.808,1.38429,1.38444,1.12,1.00
2017.04.03 18:02:26.499,1.38429,1.38445,1.12,1.12
2017.04.03 18:02:27.279,1.3843,1.38445,1.00,1.12
2017.04.03 18:02:28.281,1.3843,1.38445,1.00,1.37
2017.04.03 18:02:32.266,1.38432,1.38446,1.00,1.12
2017.04.03 18:02:34.206,1.3843,1.38446,1.50,1.12
2017.04.03 18:02:34.257,1.38432,1.38446,1.00,1.12
2017.04.03 18:02:34.561,1.38435,1.38448,1.00,2.25
2017.04.03 18:02:36.540,1.38434,1.38449,1.12,1.87
2017.04.03 18:02:36.591,1.38432,1.38449,1.50,2.62
2017.04.03 18:02:36.872,1.38434,1.38448,1.00,1.87
2017.04.03 18:02:37.474,1.3843,1.38443,1.87,1.50
2017.04.03 18:02:37.627,1.3843,1.38444,1.00,1.87
2017.04.03 18:02:37.729,1.38429,1.38444,1.00,2.25
2017.04.03 18:02:37.830,1.38431,1.38444,1.00,1.00
2017.04.03 18:02:38.353,1.3843,1.38446,1.00,1.87
2017.04.03 18:02:38.759,1.38428,1.38443,2.25,1.50
2017.04.03 18:02:39.266,1.38435,1.38443,1.00,1.12
2017.04.03 18:02:39.367,1.38433,1.38446,1.00,2.25
2017.04.03 18:02:39.418,1.38433,1.38445,1.00,1.00
2017.04.03 18:02:40.059,1.38431,1.38445,1.00,3.75
2017.04.03 18:02:40.160,1.38431,1.38444,1.00,2.25
2017.04.03 18:02:40.262,1.38429,1.38442,1.00,1.00
2017.04.03 18:02:40.774,1.3843,1.38442,1.00,1.00
2017.04.03 18:02:46.059,1.38424,1.38439,1.19,1.00
2017.04.03 18:02:46.386,1.38423,1.38439,3.94,1.00
2017.04.03 18:02:47.070,1.38424,1.38439,2.44,1.00
2017.04.03 18:02:51.466,1.38426,1.38441,1.37,1.00
2017.04.03 18:02:51.517,1.38427,1.38441,1.56,1.00
2017.04.03 18:02:51.922,1.38427,1.38443,3.19,1.00
2017.04.03 18:02:52.429,1.38428,1.38442,2.06,1.00
2017.04.03 18:02:53.032,1.38432,1.38447,1.87,2.25
2017.04.03 18:02:55.059,1.38431,1.38445,3.56,1.00
2017.04.03 18:02:57.800,1.38434,1.38447,1.12,1.00
2017.04.03 18:02:58.346,1.38435,1.38447,1.00,1.00
2017.04.03 18:02:58.994,1.38436,1.38447,1.00,1.00
2017.04.03 18:02:59.045,1.38436,1.38449,1.50,1.00
2017.04.03 18:02:59.096,1.38439,1.3845,1.31,1.00
2017.04.03 18:02:59.147,1.38441,1.38453,1.00,1.00
2017.04.03 18:02:59.249,1.38442,1.38455,1.12,1.00
2017.04.03 18:02:59.351,1.38443,1.38453,1.00,1.00
2017.04.03 18:02:59.402,1.38444,1.38458,1.00,1.50
2017.04.03 18:02:59.944,1.38444,1.38458,1.00,1.00
2017.04.03 18:03:00.470,1.38443,1.38458,1.00,1.87
2017.04.03 18:03:01.824,1.38445,1.38457,1.00,1.00
2017.04.03 18:03:03.377,1.38444,1.38457,1.00,1.00
2017.04.03 18:03:03.428,1.38442,1.38457,1.00,1.00
2017.04.03 18:03:03.631,1.38444,1.38457,1.00,1.19
2017.04.03 18:03:04.199,1.38444,1.38457,1.00,1.00
2017.04.03 18:03:04.603,1.38442,1.38457,1.00,1.50
2017.04.03 18:03:09.397,1.38443,1.38457,1.00,1.50
2017.04.03 18:03:09.611,1.38445,1.38459,1.00,2.25
2017.04.03 18:03:09.865,1.38447,1.38461,1.00,1.50
2017.04.03 18:03:10.270,1.38444,1.38458,2.06,1.37
2017.04.03 18:03:10.726,1.38448,1.3846,1.00,1.37
2017.04.03 18:03:10.879,1.38448,1.38462,1.00,1.50
2017.04.03 18:03:11.031,1.38447,1.38461,1.00,1.87
2017.04.03 18:03:11.336,1.38444,1.38459,1.12,1.87
2017.04.03 18:03:12.758,1.38447,1.3846,1.00,1.50
2017.04.03 18:03:12.860,1.38447,1.38462,1.50,1.50
2017.04.03 18:03:17.228,1.38448,1.38463,1.00,1.00
2017.04.03 18:03:17.787,1.38447,1.38464,1.25,4.12
2017.04.03 18:03:25.171,1.38449,1.38464,1.00,4.12
2017.04.03 18:03:28.797,1.38449,1.38461,1.00,1.00
2017.04.03 18:03:31.173,1.38447,1.38461,1.50,1.00
2017.04.03 18:03:33.200,1.38448,1.38461,1.00,1.00
2017.04.03 18:03:34.010,1.38447,1.38461,1.00,1.00
2017.04.03 18:03:34.518,1.38446,1.3846,1.25,1.00
2017.04.03 18:03:34.801,1.38444,1.38458,1.12,1.00
2017.04.03 18:03:35.346,1.38444,1.38459,1.12,1.00
2017.04.03 18:03:36.137,1.38445,1.38459,1.00,1.00
2017.04.03 18:03:36.644,1.38442,1.38459,3.19,1.00
2017.04.03 18:03:37.176,1.38446,1.3846,1.00,1.12
2017.04.03 18:03:37.383,1.38444,1.3846,1.50,1.50
2017.04.03 18:03:38.975,1.38444,1.38458,1.50,1.12
2017.04.03 18:03:39.485,1.38443,1.38459,1.87,1.12
2017.04.03 18:03:40.694,1.38443,1.3846,3.00,1.50
2017.04.03 18:03:41.530,1.38443,1.38458,2.25,1.00
2017.04.03 18:03:45.121,1.38444,1.38458,1.12,1.37
2017.04.03 18:03:45.223,1.38442,1.38459,2.44,1.87
2017.04.03 18:03:45.730,1.38443,1.38457,1.87,1.00
2017.04.03 18:03:46.236,1.38442,1.38458,1.75,1.25
2017.04.03 18:03:47.668,1.38443,1.38458,1.87,1.19
2017.04.03 18:03:48.176,1.38442,1.38457,1.37,1.69
2017.04.03 18:03:48.714,1.38442,1.38457,1.50,1.69
2017.04.03 18:03:49.022,1.38444,1.38459,1.00,2.44
2017.04.03 18:03:50.392,1.38444,1.38459,1.00,1.50
2017.04.03 18:03:50.928,1.38443,1.38458,1.00,1.50
2017.04.03 18:03:55.824,1.38442,1.38458,1.12,1.12
2017.04.03 18:03:56.127,1.3844,1.38454,1.00,1.00
2017.04.03 18:03:56.635,1.38438,1.38455,1.87,2.25
2017.04.03 18:03:56.939,1.38441,1.38456,1.00,1.50
2017.04.03 18:03:58.045,1.38439,1.38456,1.87,1.50
2017.04.03 18:03:58.991,1.38439,1.38453,1.50,1.00
2017.04.03 18:03:59.295,1.38435,1.38449,1.00,1.00
2017.04.03 18:03:59.903,1.38436,1.3845,1.00,1.00
2017.04.03 18:04:00.520,1.38438,1.38453,1.37,1.75
2017.04.03 18:04:00.623,1.38439,1.38453,1.00,1.00
2017.04.03 18:04:00.674,1.38439,1.38455,1.00,3.00
2017.04.03 18:04:00.909,1.38441,1.38455,1.00,2.25
2017.04.03 18:04:01.214,1.38445,1.38457,1.00,2.25
2017.04.03 18:04:03.852,1.38445,1.38458,1.00,1.37
2017.04.03 18:04:04.156,1.38451,1.38461,1.00,1.12
2017.04.03 18:04:11.259,1.38452,1.38463,1.00,1.75
2017.04.03 18:04:11.462,1.3845,1.38462,1.00,1.87
2017.04.03 18:04:11.968,1.3845,1.38462,1.00,1.50
2017.04.03 18:04:12.917,1.38444,1.38458,3.75,1.00
2017.04.03 18:04:13.731,1.38444,1.38457,3.37,1.00
2017.04.03 18:04:13.883,1.38442,1.38454,1.69,1.00
2017.04.03 18:04:14.188,1.38441,1.38457,3.56,1.50
2017.04.03 18:04:14.239,1.38443,1.38458,1.69,1.50
2017.04.03 18:04:14.546,1.38445,1.38458,1.56,1.00
2017.04.03 18:04:15.079,1.38444,1.38454,3.00,1.00
2017.04.03 18:04:15.183,1.38441,1.38453,1.56,1.00
2017.04.03 18:04:15.337,1.38439,1.38449,3.00,1.00
2017.04.03 18:04:15.389,1.38438,1.38447,1.25,1.00
2017.04.03 18:04:15.896,1.38434,1.38448,3.00,1.00
2017.04.03 18:04:16.157,1.38434,1.38446,3.00,1.00
2017.04.03 18:04:16.259,1.38432,1.38446,4.50,1.00
2017.04.03 18:04:17.650,1.38432,1.38444,3.37,1.00
2017.04.03 18:04:18.664,1.38434,1.38448,3.37,2.25
2017.04.03 18:04:18.766,1.38438,1.3845,2.25,1.00
2017.04.03 18:04:19.285,1.38438,1.38449,2.25,1.00
2017.04.03 18:04:19.488,1.38435,1.38449,2.62,1.00
2017.04.03 18:04:19.640,1.38434,1.38446,3.00,1.00
2017.04.03 18:04:19.742,1.38432,1.38447,3.37,1.00
2017.04.03 18:04:19.793,1.38434,1.38448,2.25,1.50
2017.04.03 18:04:20.260,1.38434,1.38446,2.25,1.00
2017.04.03 18:04:20.311,1.38434,1.38448,2.25,1.12
2017.04.03 18:04:20.463,1.38438,1.38449,2.25,1.50
2017.04.03 18:04:20.694,1.38438,1.38451,2.25,1.00
2017.04.03 18:04:20.847,1.38438,1.38449,2.25,1.00
2017.04.03 18:04:25.896,1.38441,1.38451,2.25,1.00
2017.04.03 18:04:26.099,1.38441,1.38454,2.62,1.00
2017.04.03 18:04:26.607,1.38444,1.38454,2.25,1.00
2017.04.03 18:04:28.681,1.38447,1.38457,2.25,1.00
2017.04.03 18:04:29.204,1.38447,1.38458,2.25,1.00
2017.04.03 18:04:30.171,1.38443,1.38458,5.25,1.00
2017.04.03 18:04:30.223,1.38443,1.38455,2.25,1.00
2017.04.03 18:04:30.737,1.38443,1.38454,2.25,1.00
2017.04.03 18:04:31.397,1.38442,1.38453,1.87,1.00
2017.04.03 18:04:33.546,1.38442,1.38455,2.25,1.00
2017.04.03 18:04:33.699,1.38445,1.38456,1.87,1.00
2017.04.03 18:04:33.952,1.38443,1.38456,1.87,1.00
2017.04.03 18:04:34.453,1.38443,1.38457,2.62,1.00
2017.04.03 18:04:34.504,1.38446,1.38457,1.87,1.00
2017.04.03 18:04:34.790,1.38443,1.38456,1.00,1.00
2017.04.03 18:04:34.841,1.38443,1.38454,1.00,1.00
2017.04.03 18:04:35.466,1.38442,1.38455,2.62,1.00
2017.04.03 18:04:35.792,1.3844,1.38453,1.50,1.00
2017.04.03 18:04:35.843,1.38439,1.38452,2.25,1.00
2017.04.03 18:04:36.357,1.38439,1.38453,1.37,1.00
2017.04.03 18:04:36.646,1.3844,1.38455,1.87,1.00
2017.04.03 18:04:37.171,1.3844,1.38454,1.37,1.00
2017.04.03 18:04:37.886,1.38438,1.38454,2.25,1.00
2017.04.03 18:04:39.099,1.3844,1.38453,1.12,1.00
2017.04.03 18:04:39.605,1.3844,1.38454,1.12,1.00
2017.04.03 18:04:40.117,1.3844,1.38453,1.12,1.00
2017.04.03 18:04:41.093,1.3844,1.38455,3.00,1.00
2017.04.03 18:04:41.901,1.38442,1.38455,1.00,1.00
2017.04.03 18:04:43.677,1.3844,1.38455,1.12,1.00
2017.04.03 18:04:46.033,1.3844,1.38453,1.12,1.00
2017.04.03 18:04:49.831,1.38439,1.38452,1.37,1.00
2017.04.03 18:04:49.979,1.38439,1.38454,3.00,1.00
2017.04.03 18:04:50.132,1.38442,1.38454,1.00,1.00
2017.04.03 18:04:50.638,1.38441,1.38455,1.12,1.00
2017.04.03 18:04:51.185,1.38442,1.38454,1.00,1.00
2017.04.03 18:04:51.703,1.38443,1.38456,1.12,1.00
2017.04.03 18:04:51.755,1.38443,1.38458,1.12,1.00
2017.04.03 18:04:51.926,1.38445,1.38458,1.00,1.00
2017.04.03 18:04:52.517,1.38443,1.38458,4.06,1.00
2017.04.03 18:04:52.741,1.38442,1.38457,2.25,1.00
2017.04.03 18:04:53.146,1.38445,1.38457,1.00,1.00
2017.04.03 18:04:53.709,1.38442,1.38458,2.62,1.12
2017.04.03 18:04:53.884,1.38442,1.38458,1.12,1.12
2017.04.03 18:04:54.542,1.38442,1.38454,1.87,1.00
2017.04.03 18:04:54.593,1.38442,1.38456,1.12,1.00
2017.04.03 18:04:54.645,1.3844,1.38456,1.12,1.37
2017.04.03 18:04:55.747,1.38439,1.38454,1.50,1.00
2017.04.03 18:04:56.001,1.38439,1.38452,1.87,1.00
2017.04.03 18:04:56.200,1.38438,1.38452,1.00,1.00
2017.04.03 18:04:57.085,1.38438,1.3845,1.00,1.00
2017.04.03 18:04:57.635,1.38435,1.3845,5.25,1.00
2017.04.03 18:04:58.257,1.38435,1.3845,4.81,1.00
2017.04.03 18:04:58.683,1.38435,1.38448,2.94,1.00
2017.04.03 18:04:59.226,1.38435,1.38449,1.12,1.00
2017.04.03 18:04:59.559,1.38437,1.38451,1.00,1.00
2017.04.03 18:05:00.100,1.38438,1.38451,1.12,1.00
2017.04.03 18:05:02.077,1.38437,1.38452,1.50,1.12
2017.04.03 18:05:02.606,1.38439,1.38452,1.00,1.12
2017.04.03 18:05:04.108,1.38437,1.38452,1.87,1.00
2017.04.03 18:05:11.226,1.38439,1.38452,1.00,1.50
2017.04.03 18:05:11.558,1.38437,1.38445,1.02,1.00
2017.04.03 18:05:11.918,1.38436,1.38442,3.58,1.00
2017.04.03 18:05:12.021,1.38431,1.3844,1.90,1.00
2017.04.03 18:05:12.531,1.38433,1.3844,1.03,1.00
2017.04.03 18:05:13.052,1.3843,1.38438,3.58,1.00
2017.04.03 18:05:13.335,1.3843,1.38437,1.02,1.00
2017.04.03 18:05:18.077,1.38429,1.38439,3.21,1.00
2017.04.03 18:05:18.243,1.38432,1.3844,2.83,1.00
2017.04.03 18:05:18.344,1.38432,1.38448,3.58,1.12
2017.04.03 18:05:18.851,1.38431,1.38449,3.96,1.87
2017.04.03 18:05:18.953,1.38431,1.38449,3.58,2.62
2017.04.03 18:05:19.308,1.38431,1.38441,3.96,1.00
2017.04.03 18:05:20.135,1.38432,1.3844,1.02,1.00
2017.04.03 18:05:20.237,1.38433,1.38442,1.02,1.00
2017.04.03 18:05:20.761,1.38431,1.38441,5.08,1.00
2017.04.03 18:05:21.266,1.38431,1.3844,3.58,1.00
2017.04.03 18:05:21.687,1.38431,1.38442,3.96,1.00
2017.04.03 18:05:21.789,1.38433,1.3844,1.02,1.00
2017.04.03 18:05:22.316,1.38432,1.38441,1.02,1.00
2017.04.03 18:05:22.620,1.38434,1.38442,3.21,1.00
2017.04.03 18:05:22.823,1.38432,1.38442,1.15,1.00
2017.04.03 18:05:23.359,1.3843,1.38441,4.50,1.00
2017.04.03 18:05:24.142,1.3843,1.38438,3.37,1.00
2017.04.03 18:05:24.654,1.3843,1.38439,3.37,1.00
2017.04.03 18:05:30.766,1.3843,1.3844,3.37,1.00
2017.04.03 18:05:30.817,1.38432,1.38442,1.56,1.00
2017.04.03 18:05:31.020,1.38436,1.38443,3.00,1.00
2017.04.03 18:05:31.071,1.38436,1.38446,3.00,1.00
2017.04.03 18:05:31.325,1.38436,1.38444,3.37,1.00
2017.04.03 18:05:31.847,1.38436,1.38443,3.00,1.00
2017.04.03 18:05:33.240,1.38436,1.38444,3.75,1.00
2017.04.03 18:05:33.751,1.38441,1.38454,1.00,1.87
2017.04.03 18:05:34.096,1.38441,1.38454,1.00,1.37
2017.04.03 18:05:34.180,1.38439,1.38453,1.50,1.37
2017.04.03 18:05:34.333,1.38439,1.38452,1.00,2.00
2017.04.03 18:05:35.747,1.38437,1.38452,1.00,3.94
2017.04.03 18:05:38.399,1.38437,1.3845,1.00,1.37
2017.04.03 18:05:38.910,1.38436,1.3845,1.00,1.12
2017.04.03 18:05:40.213,1.38436,1.38447,1.00,1.00
2017.04.03 18:05:40.754,1.38436,1.38448,1.00,1.00
2017.04.03 18:05:41.953,1.38438,1.38448,1.00,1.00
2017.04.03 18:05:42.460,1.38437,1.38451,1.00,1.75
2017.04.03 18:05:46.449,1.38439,1.38451,1.25,1.75
2017.04.03 18:05:46.551,1.3844,1.38451,1.00,1.00
2017.04.03 18:05:46.754,1.38442,1.38454,1.00,1.12
2017.04.03 18:05:47.008,1.38442,1.38456,1.00,1.75
2017.04.03 18:05:47.559,1.38443,1.38456,1.00,1.75
2017.04.03 18:05:48.982,1.38441,1.38456,1.00,1.75
2017.04.03 18:05:49.088,1.38443,1.38456,1.00,1.75
2017.04.03 18:05:52.029,1.38442,1.38456,1.00,1.75
2017.04.03 18:05:55.803,1.3844,1.38452,1.00,1.50
2017.04.03 18:05:56.170,1.3844,1.38451,1.00,1.12
2017.04.03 18:05:56.272,1.38437,1.38448,1.00,1.37
2017.04.03 18:05:56.794,1.38437,1.38448,1.00,1.12
2017.04.03 18:06:00.011,1.38436,1.38448,1.00,1.12
2017.04.03 18:06:01.080,1.38436,1.38448,1.00,1.75
2017.04.03 18:06:01.233,1.38434,1.38448,1.00,1.75
2017.04.03 18:06:02.824,1.38438,1.38448,1.00,1.12
2017.04.03 18:06:03.044,1.38441,1.38452,1.00,1.00
2017.04.03 18:06:03.096,1.38441,1.38454,1.00,1.00
2017.04.03 18:06:04.083,1.38441,1.38454,1.00,1.87
2017.04.03 18:06:15.169,1.38441,1.38455,1.00,2.62
2017.04.03 18:06:18.146,1.38438,1.38452,1.31,2.25
2017.04.03 18:06:18.197,1.38436,1.38451,1.56,2.25
2017.04.03 18:06:18.298,1.38435,1.38448,1.00,1.00
2017.04.03 18:06:18.350,1.38435,1.38449,1.00,1.12
2017.04.03 18:06:18.875,1.38436,1.38449,1.00,1.12
2017.04.03 18:06:19.750,1.38435,1.38449,1.00,1.75
2017.04.03 18:06:19.801,1.38433,1.38449,1.00,2.44
2017.04.03 18:06:19.852,1.38433,1.38447,1.00,1.75
2017.04.03 18:06:20.975,1.38437,1.38447,1.00,1.12
2017.04.03 18:06:21.077,1.38437,1.38449,1.00,1.75
2017.04.03 18:06:22.540,1.38439,1.38449,1.00,1.12
2017.04.03 18:06:22.591,1.38439,1.38452,1.00,1.75
2017.04.03 18:06:22.770,1.38436,1.38451,1.00,1.87
2017.04.03 18:06:23.031,1.38436,1.38447,1.00,1.00
2017.04.03 18:06:23.556,1.38439,1.38447,1.00,1.00
2017.04.03 18:06:24.036,1.38439,1.38453,1.00,3.37
2017.04.03 18:06:24.616,1.38437,1.38452,1.25,1.12
2017.04.03 18:06:24.920,1.38438,1.38448,1.00,1.00
2017.04.03 18:06:25.226,1.38448,1.38455,1.25,1.37
2017.04.03 18:06:25.769,1.38446,1.38458,2.06,1.87
2017.04.03 18:06:26.571,1.38448,1.38458,1.25,1.00
2017.04.03 18:06:26.622,1.3845,1.38458,1.00,1.00
2017.04.03 18:06:27.237,1.38449,1.38457,1.00,1.50
2017.04.03 18:06:28.835,1.3845,1.38457,1.00,1.00
2017.04.03 18:06:29.424,1.3845,1.3846,1.00,1.50
2017.04.03 18:06:30.956,1.38448,1.38458,1.25,1.50
2017.04.03 18:06:31.108,1.38447,1.38457,1.00,1.50
2017.04.03 18:06:31.159,1.38445,1.38457,1.00,1.50
2017.04.03 18:06:31.525,1.38447,1.38458,1.00,1.87
2017.04.03 18:06:32.177,1.38449,1.38457,1.00,1.37
2017.04.03 18:06:32.228,1.3845,1.38461,1.00,3.37
2017.04.03 18:06:32.279,1.38452,1.38459,1.00,1.00
2017.04.03 18:06:32.784,1.38451,1.38459,1.25,1.00
2017.04.03 18:06:36.285,1.38451,1.3846,1.25,1.00
2017.04.03 18:06:36.632,1.38454,1.38463,1.00,1.00
2017.04.03 18:06:39.516,1.38453,1.38463,1.00,1.00
2017.04.03 18:06:39.829,1.38453,1.38464,1.00,1.12
2017.04.03 18:06:45.132,1.38455,1.38464,1.00,1.12
2017.04.03 18:06:45.234,1.38454,1.38463,1.00,1.00
2017.04.03 18:06:45.487,1.3845,1.38462,1.00,2.62
2017.04.03 18:06:45.742,1.38449,1.38461,1.00,1.37
2017.04.03 18:06:46.264,1.38448,1.38461,1.69,1.87
2017.04.03 18:06:46.983,1.38447,1.38458,1.00,1.37
2017.04.03 18:06:47.491,1.38448,1.3846,1.00,1.87
2017.04.03 18:06:47.954,1.38451,1.3846,1.00,1.12
2017.04.03 18:06:48.056,1.38453,1.38464,1.00,1.87
2017.04.03 18:06:49.209,1.38452,1.38464,1.00,1.12
2017.04.03 18:06:49.884,1.38451,1.38463,1.00,1.12
2017.04.03 18:06:50.394,1.38451,1.38462,1.00,1.87
2017.04.03 18:06:50.932,1.3845,1.38462,1.00,2.25
2017.04.03 18:06:52.928,1.38448,1.38459,1.00,2.25
2017.04.03 18:06:53.030,1.38445,1.38456,1.50,1.00
2017.04.03 18:06:53.535,1.38445,1.38457,1.00,1.00
2017.04.03 18:06:54.119,1.38446,1.38457,1.00,1.00
2017.04.03 18:06:56.426,1.38446,1.38457,1.00,1.37
2017.04.03 18:06:56.730,1.38442,1.38456,1.25,1.37
2017.04.03 18:06:56.883,1.38442,1.38454,1.25,1.37
2017.04.03 18:06:57.185,1.38444,1.38456,1.00,1.12
2017.04.03 18:06:57.488,1.38446,1.38456,1.00,1.12
2017.04.03 18:06:57.828,1.38448,1.38457,1.00,1.12
2017.04.03 18:06:58.031,1.38448,1.38457,1.00,1.00
2017.04.03 18:06:58.821,1.38447,1.38457,1.00,1.00
2017.04.03 18:06:58.922,1.38449,1.38457,1.00,1.00
2017.04.03 18:06:59.435,1.38448,1.38457,1.00,1.00
2017.04.03 18:07:00.044,1.38443,1.38456,1.19,1.00
2017.04.03 18:07:03.391,1.38444,1.38457,1.25,1.00
2017.04.03 18:07:04.145,1.38445,1.38458,1.12,1.50
2017.04.03 18:07:04.663,1.38445,1.38459,1.12,1.00
2017.04.03 18:07:05.202,1.38446,1.38459,1.00,1.00
2017.04.03 18:07:05.729,1.38447,1.3846,1.00,1.00
2017.04.03 18:07:06.411,1.38448,1.3846,1.00,1.00
2017.04.03 18:07:06.954,1.38447,1.3846,1.00,1.00
2017.04.03 18:07:08.603,1.38448,1.3846,1.25,1.00
2017.04.03 18:07:08.789,1.38448,1.38462,1.31,1.00
2017.04.03 18:07:09.296,1.38448,1.38462,1.62,1.00
2017.04.03 18:07:09.827,1.3845,1.38461,1.00,1.00
2017.04.03 18:07:14.976,1.38449,1.38458,1.37,1.00
2017.04.03 18:07:15.070,1.38446,1.38458,1.00,1.00
2017.04.03 18:07:15.584,1.38445,1.38459,1.87,1.00
2017.04.03 18:07:16.106,1.38445,1.38459,1.00,1.00
2017.04.03 18:07:19.725,1.38445,1.38458,1.00,1.00
2017.04.03 18:07:20.353,1.38448,1.38459,1.25,1.00
2017.04.03 18:07:20.897,1.38448,1.3846,1.25,1.00
2017.04.03 18:07:21.398,1.38448,1.38459,1.25,1.00
2017.04.03 18:07:21.922,1.38448,1.3846,1.31,1.00
2017.04.03 18:07:23.268,1.38448,1.38462,1.31,1.87
2017.04.03 18:07:23.319,1.38448,1.38462,1.31,1.12
2017.04.03 18:07:26.052,1.3845,1.38461,1.25,1.00
2017.04.03 18:07:26.548,1.38448,1.38458,1.19,1.00
2017.04.03 18:07:27.075,1.38445,1.38459,4.50,1.00
2017.04.03 18:07:27.607,1.38445,1.38458,1.56,1.00
2017.04.03 18:07:28.114,1.38445,1.38459,1.69,1.50
2017.04.03 18:07:28.636,1.38445,1.38457,3.75,1.00
2017.04.03 18:07:29.172,1.38445,1.38456,1.56,1.00
2017.04.03 18:07:29.678,1.38445,1.38457,1.56,1.00
2017.04.03 18:07:29.729,1.38445,1.38459,1.56,1.00
2017.04.03 18:07:29.830,1.38446,1.38459,1.19,1.00
2017.04.03 18:07:30.375,1.38445,1.38458,3.19,1.00
2017.04.03 18:07:30.888,1.38447,1.38459,1.25,1.00
2017.04.03 18:07:31.741,1.38448,1.38459,1.00,1.00
2017.04.03 18:07:32.273,1.38449,1.3846,1.00,1.00
2017.04.03 18:07:32.782,1.38448,1.3846,1.25,1.00
2017.04.03 18:07:34.683,1.38448,1.38459,1.25,1.00
2017.04.03 18:07:34.835,1.38445,1.38457,1.25,1.00
2017.04.03 18:07:34.886,1.38445,1.38455,1.25,1.00
2017.04.03 18:07:37.946,1.38448,1.38458,1.00,1.00
2017.04.03 18:07:38.291,1.38451,1.38463,1.00,1.31
2017.04.03 18:07:40.240,1.38449,1.38463,1.00,2.44
2017.04.03 18:07:46.493,1.3845,1.38463,1.00,1.87
2017.04.03 18:07:48.268,1.38452,1.38463,1.00,1.12
2017.04.03 18:07:48.470,1.38452,1.38464,1.00,1.12
2017.04.03 18:07:52.925,1.3845,1.38463,1.12,1.50
2017.04.03 18:07:53.280,1.38448,1.38462,1.12,1.00
2017.04.03 18:07:53.330,1.3845,1.38462,1.00,1.00
2017.04.03 18:07:53.747,1.38447,1.38461,1.50,2.62
2017.04.03 18:07:54.324,1.38447,1.38458,1.00,1.00
2017.04.03 18:07:56.192,1.38448,1.3846,1.00,1.12
2017.04.03 18:07:58.689,1.38448,1.38461,1.00,1.37
2017.04.03 18:08:13.941,1.38448,1.38461,1.00,1.56
2017.04.03 18:08:14.267,1.38446,1.3846,1.00,1.19
2017.04.03 18:08:15.412,1.38444,1.38459,1.50,2.06
2017.04.03 18:08:15.615,1.38445,1.38459,1.00,2.81
2017.04.03 18:08:16.540,1.38446,1.38458,1.00,1.31
2017.04.03 18:08:17.539,1.38442,1.38456,1.00,1.62
2017.04.03 18:08:17.591,1.38442,1.38454,1.00,1.75
2017.04.03 18:08:17.844,1.38442,1.38453,1.00,1.00
2017.04.03 18:08:19.086,1.38441,1.38453,1.00,1.12
2017.04.03 18:08:19.420,1.38441,1.38453,1.00,1.37
2017.04.03 18:08:19.937,1.38441,1.38452,1.00,1.12
2017.04.03 18:08:22.251,1.38439,1.38452,1.00,1.31
2017.04.03 18:08:22.801,1.3844,1.38452,1.00,3.19
2017.04.03 18:08:23.757,1.38439,1.38452,1.00,2.81
2017.04.03 18:08:29.097,1.38439,1.38451,1.00,3.75
2017.04.03 18:08:29.607,1.38439,1.38452,1.00,1.87
2017.04.03 18:08:31.806,1.38439,1.38452,1.00,1.50
2017.04.03 18:08:32.345,1.38439,1.38452,1.00,1.12
2017.04.03 18:08:33.119,1.38439,1.38451,1.00,1.12
2017.04.03 18:08:33.170,1.38438,1.38451,1.00,3.75
2017.04.03 18:08:34.114,1.38438,1.38451,1.00,1.50
2017.04.03 18:08:34.658,1.38437,1.3845,1.00,1.37
2017.04.03 18:08:35.196,1.38437,1.3845,1.00,1.69
2017.04.03 18:08:35.734,1.38437,1.3845,1.00,1.69
2017.04.03 18:08:36.529,1.38435,1.38447,1.00,2.62
2017.04.03 18:08:36.732,1.38433,1.38446,1.00,2.25
2017.04.03 18:08:36.990,1.38435,1.38447,1.00,1.50
2017.04.03 18:08:40.121,1.38434,1.38448,1.00,3.19
2017.04.03 18:08:40.526,1.38439,1.38447,1.00,1.12
2017.04.03 18:08:40.678,1.38439,1.38452,1.00,2.62
2017.04.03 18:08:41.509,1.38439,1.38452,1.00,3.37
2017.04.03 18:08:43.325,1.38437,1.38448,1.00,1.00
2017.04.03 18:08:45.647,1.38438,1.38449,1.00,1.00
2017.04.03 18:08:46.170,1.38437,1.38451,1.00,4.50
2017.04.03 18:08:47.630,1.38435,1.3845,1.00,3.37
2017.04.03 18:08:48.045,1.38438,1.38449,1.00,1.50
2017.04.03 18:08:48.551,1.38438,1.3845,1.00,2.25
2017.04.03 18:08:49.066,1.38438,1.38448,1.00,1.00
2017.04.03 18:08:51.058,1.38438,1.38449,1.00,1.00
2017.04.03 18:08:52.518,1.38438,1.38451,1.00,3.19
2017.04.03 18:08:53.024,1.38446,1.38452,1.00,1.12
2017.04.03 18:08:53.126,1.38446,1.38457,1.00,2.81
2017.04.03 18:08:53.231,1.38443,1.38455,1.00,1.56
2017.04.03 18:08:53.333,1.38445,1.38456,1.00,1.12
2017.04.03 18:08:53.502,1.38444,1.38457,1.00,1.00
2017.04.03 18:08:54.008,1.38444,1.38458,1.00,6.19
2017.04.03 18:09:06.391,1.38445,1.38457,1.00,1.37
2017.04.03 18:09:09.636,1.38445,1.38457,1.00,1.50
2017.04.03 18:09:18.863,1.38443,1.38456,1.00,1.12
2017.04.03 18:09:19.843,1.38445,1.38457,1.00,1.50
2017.04.03 18:09:20.148,1.38448,1.38459,1.00,1.87
2017.04.03 18:09:20.199,1.38447,1.38459,1.00,1.87
2017.04.03 18:09:20.250,1.38443,1.38457,1.50,1.00
2017.04.03 18:09:20.301,1.38443,1.38455,1.00,1.50
2017.04.03 18:09:20.453,1.38444,1.38455,1.00,1.00
2017.04.03 18:09:20.504,1.38446,1.38456,1.00,1.37
2017.04.03 18:09:21.041,1.38446,1.38458,1.00,2.25
2017.04.03 18:09:21.689,1.38445,1.38458,1.00,3.37
2017.04.03 18:09:25.885,1.38441,1.38458,2.06,1.87
2017.04.03 18:09:26.063,1.38445,1.38459,1.00,1.87
2017.04.03 18:09:26.580,1.38444,1.38458,1.19,1.87
2017.04.03 18:09:27.033,1.38443,1.38457,1.00,1.50
2017.04.03 18:09:35.515,1.38442,1.38451,1.25,1.00
2017.04.03 18:09:35.617,1.38437,1.38451,1.00,1.00
2017.04.03 18:09:36.232,1.38437,1.38453,5.25,2.62
2017.04.03 18:09:36.334,1.38438,1.38452,1.31,1.00
2017.04.03 18:09:36.893,1.38437,1.38451,2.06,1.00
2017.04.03 18:09:37.046,1.38438,1.38454,1.56,1.75
2017.04.03 18:09:37.452,1.3844,1.38456,5.25,1.75
2017.04.03 18:09:37.972,1.3844,1.38456,5.25,1.37
2017.04.03 18:09:40.565,1.3844,1.38453,3.00,1.37
2017.04.03 18:09:40.616,1.38438,1.38453,2.44,1.00
2017.04.03 18:09:40.820,1.38438,1.38453,2.06,1.50
2017.04.03 18:09:41.414,1.38437,1.38451,1.19,1.00
2017.04.03 18:09:41.515,1.38439,1.38453,1.56,1.50
2017.04.03 18:09:41.770,1.38438,1.38454,1.19,1.50
2017.04.03 18:09:42.383,1.38438,1.38454,1.19,1.50
2017.04.03 18:09:44.434,1.38438,1.38454,1.19,1.50
2017.04.03 18:09:44.739,1.38441,1.38454,1.56,1.50
2017.04.03 18:09:44.993,1.38441,1.38455,2.06,1.50
2017.04.03 18:09:45.044,1.38441,1.38455,1.69,1.50
2017.04.03 18:09:45.850,1.38441,1.38457,2.06,1.87
2017.04.03 18:09:46.054,1.38441,1.38455,1.50,1.87
2017.04.03 18:09:47.759,1.38444,1.38455,1.00,2.06
2017.04.03 18:09:47.861,1.38446,1.38461,1.87,1.94
2017.04.03 18:09:47.912,1.38446,1.3846,1.87,1.25
2017.04.03 18:09:48.119,1.38446,1.38461,1.50,1.69
2017.04.03 18:09:48.598,1.38446,1.3846,1.50,1.12
2017.04.03 18:09:49.125,1.38446,1.3846,1.50,1.12
2017.04.03 18:09:49.666,1.38446,1.3846,1.50,1.12
2017.04.03 18:09:55.116,1.38449,1.38463,1.37,3.19
2017.04.03 18:09:55.167,1.3845,1.38463,1.12,1.00
2017.04.03 18:09:55.218,1.38452,1.38466,1.12,1.50
2017.04.03 18:09:55.794,1.38451,1.38467,1.87,1.75
2017.04.03 18:09:56.344,1.38454,1.38467,1.00,1.75
2017.04.03 18:09:56.874,1.38453,1.38467,1.12,1.75
2017.04.03 18:09:57.773,1.38455,1.38468,1.00,1.37
2017.04.03 18:09:57.824,1.38456,1.38469,1.00,2.25
2017.04.03 18:09:58.354,1.38455,1.3847,1.00,1.75
2017.04.03 18:09:58.993,1.38456,1.3847,1.00,1.75
2017.04.03 18:09:59.570,1.38455,1.38471,1.00,3.94
2017.04.03 18:10:00.793,1.38455,1.38469,1.00,1.00
2017.04.03 18:10:01.339,1.38456,1.38469,1.00,1.00
2017.04.03 18:10:01.854,1.38455,1.38469,1.12,1.00
2017.04.03 18:10:14.622,1.38454,1.38469,1.00,1.12
2017.04.03 18:10:19.242,1.38454,1.38468,1.25,1.00
2017.04.03 18:10:22.023,1.38453,1.38469,1.19,3.00
2017.04.03 18:10:22.327,1.38453,1.38467,1.19,1.00
2017.04.03 18:10:22.631,1.38453,1.38465,1.19,1.00
2017.04.03 18:10:22.682,1.38451,1.38464,1.50,1.00
2017.04.03 18:10:23.613,1.38451,1.38465,1.50,1.12
2017.04.03 18:10:26.027,1.38451,1.38465,1.50,1.50
2017.04.03 18:10:26.180,1.38451,1.38465,2.06,1.12
2017.04.03 18:10:26.716,1.38451,1.38461,1.00,2.62
2017.04.03 18:10:26.767,1.38445,1.38459,2.44,1.00
2017.04.03 18:10:26.869,1.38445,1.38459,1.50,1.12
2017.04.03 18:10:27.456,1.38445,1.38458,1.00,1.00
2017.04.03 18:10:30.107,1.38445,1.38459,1.50,2.25
2017.04.03 18:10:30.363,1.38445,1.38457,1.00,1.00
2017.04.03 18:10:30.990,1.38445,1.38459,1.00,1.50
2017.04.03 18:10:31.949,1.38445,1.38457,1.00,1.00
2017.04.03 18:10:34.174,1.38445,1.38458,1.00,1.12
2017.04.03 18:10:34.678,1.38445,1.38457,1.00,1.00
2017.04.03 18:10:36.316,1.38443,1.38457,1.69,1.00
2017.04.03 18:10:36.367,1.38443,1.38455,1.00,1.00
2017.04.03 18:10:37.578,1.38443,1.38457,2.25,1.12
2017.04.03 18:10:40.326,1.38443,1.38456,1.12,1.12
2017.04.03 18:10:42.977,1.38444,1.38458,1.00,2.25
2017.04.03 18:10:43.545,1.38444,1.38458,1.00,2.25
2017.04.03 18:10:51.051,1.38443,1.38458,1.00,2.62
2017.04.03 18:10:51.153,1.38443,1.38455,1.00,1.00
2017.04.03 18:10:51.508,1.38443,1.38454,1.00,1.37
2017.04.03 18:10:51.559,1.3844,1.38454,1.12,1.37
2017.04.03 18:10:52.081,1.3844,1.38454,1.00,2.25
2017.04.03 18:10:56.216,1.38439,1.38452,1.00,1.12
2017.04.03 18:10:56.724,1.3844,1.38454,1.00,1.87
2017.04.03 18:10:57.079,1.38438,1.3845,1.50,1.87
2017.04.03 18:10:57.184,1.38432,1.38446,1.50,1.00
2017.04.03 18:10:59.475,1.38432,1.38445,1.00,1.12
2017.04.03 18:11:00.006,1.38432,1.38446,1.00,1.00
2017.04.03 18:11:00.526,1.38432,1.38448,1.00,2.44
2017.04.03 18:11:00.679,1.38435,1.38447,1.00,1.25
2017.04.03 18:11:01.222,1.38434,1.38448,1.00,1.12
2017.04.03 18:11:01.804,1.38435,1.38449,1.00,1.50
2017.04.03 18:11:03.270,1.38434,1.38448,1.00,1.12
2017.04.03 18:11:06.809,1.38434,1.38446,1.00,1.12
2017.04.03 18:11:07.277,1.38434,1.38448,1.00,2.25
2017.04.03 18:11:08.227,1.38434,1.38446,1.00,1.00
2017.04.03 18:11:09.057,1.38433,1.38447,1.50,1.00
2017.04.03 18:11:09.312,1.38428,1.38443,1.00,1.00
2017.04.03 18:11:09.893,1.38428,1.38443,1.00,1.87
2017.04.03 18:11:10.064,1.38427,1.3844,1.00,1.37
2017.04.03 18:11:10.116,1.38425,1.38439,1.00,1.00
2017.04.03 18:11:10.630,1.38424,1.38439,1.50,1.00
2017.04.03 18:11:10.681,1.38426,1.38439,1.00,1.00
2017.04.03 18:11:10.934,1.38424,1.38439,1.87,1.00
2017.04.03 18:11:11.441,1.38424,1.3844,1.87,1.50
2017.04.03 18:11:11.896,1.38424,1.3844,1.50,2.62
2017.04.03 18:11:12.646,1.38424,1.38439,1.00,2.25
2017.04.03 18:11:13.175,1.38425,1.38439,1.00,1.12
2017.04.03 18:11:15.241,1.38425,1.38439,1.00,1.50
2017.04.03 18:11:15.749,1.38424,1.3844,1.50,2.62
2017.04.03 18:11:22.010,1.38423,1.38437,1.00,1.31
2017.04.03 18:11:22.314,1.38425,1.38439,1.00,1.50
2017.04.03 18:11:22.945,1.38428,1.38441,1.00,2.06
2017.04.03 18:11:22.996,1.38429,1.3844,1.00,1.25
2017.04.03 18:11:23.283,1.38429,1.38443,1.00,2.44
2017.04.03 18:11:23.992,1.38429,1.38443,1.00,2.06
2017.04.03 18:11:24.540,1.38428,1.38442,1.00,1.69
2017.04.03 18:11:24.904,1.38428,1.38442,1.00,1.69
2017.04.03 18:11:25.136,1.38428,1.3844,1.00,1.31
2017.04.03 18:11:25.238,1.38424,1.3844,1.37,2.81
2017.04.03 18:11:25.744,1.38424,1.3844,1.12,2.06
2017.04.03 18:11:32.087,1.38426,1.3844,1.00,2.06
2017.04.03 18:11:32.598,1.38427,1.38441,1.00,2.44
2017.04.03 18:11:33.212,1.38426,1.38439,1.00,1.25
2017.04.03 18:11:34.562,1.38424,1.3844,1.12,2.44
2017.04.03 18:11:35.075,1.38426,1.3844,1.00,2.44
2017.04.03 18:11:35.581,1.38425,1.38439,1.00,1.00
2017.04.03 18:11:47.816,1.38425,1.3844,1.00,1.25
2017.04.03 18:11:48.411,1.38425,1.38441,1.00,3.94
2017.04.03 18:11:51.318,1.38423,1.38437,1.50,1.00
2017.04.03 18:11:51.623,1.38421,1.38433,1.00,1.25
2017.04.03 18:11:57.287,1.38419,1.38433,1.00,1.31
2017.04.03 18:11:57.794,1.38418,1.38433,1.50,1.25
2017.04.03 18:12:04.114,1.38418,1.38434,1.50,3.19
2017.04.03 18:12:05.948,1.38417,1.38431,1.50,1.12
2017.04.03 18:12:06.049,1.38416,1.3843,1.00,2.44
2017.04.03 18:12:06.151,1.38416,1.3843,1.00,1.00
2017.04.03 18:12:06.727,1.38417,1.38431,1.00,1.69
2017.04.03 18:12:07.802,1.38418,1.38432,1.00,2.06
2017.04.03 18:12:07.905,1.38418,1.38432,1.00,1.50
2017.04.03 18:12:08.447,1.38419,1.38433,1.00,1.87
2017.04.03 18:12:10.189,1.38424,1.38433,1.00,1.00
2017.04.03 18:12:10.241,1.38424,1.38436,1.00,1.12
2017.04.03 18:12:14.347,1.38422,1.38437,2.25,2.06
2017.04.03 18:12:14.895,1.38422,1.38438,1.50,1.69
2017.04.03 18:12:16.487,1.38422,1.38435,1.00,1.00
2017.04.03 18:12:17.053,1.38422,1.38435,1.00,1.69
2017.04.03 18:12:19.380,1.38423,1.38436,1.00,1.94
2017.04.03 18:12:19.482,1.38424,1.38438,1.00,2.62
2017.04.03 18:12:19.583,1.38424,1.38438,1.00,1.50
2017.04.03 18:12:26.695,1.38429,1.38441,1.00,1.56
2017.04.03 18:12:26.798,1.38432,1.38444,1.25,1.00
2017.04.03 18:12:26.901,1.38432,1.38447,1.25,1.12
2017.04.03 18:12:27.453,1.38433,1.38447,1.00,1.12
2017.04.03 18:12:27.965,1.38432,1.38449,1.25,2.62
2017.04.03 18:12:29.814,1.38433,1.38447,1.00,1.12
2017.04.03 18:12:30.338,1.38433,1.38447,1.50,1.12
2017.04.03 18:12:31.503,1.38432,1.38447,1.25,1.12
2017.04.03 18:12:31.605,1.38434,1.38448,1.00,1.50
2017.04.03 18:12:32.690,1.38436,1.3845,2.62,1.31
2017.04.03 18:12:32.794,1.38439,1.38452,1.00,2.25
2017.04.03 18:12:32.845,1.38439,1.38453,1.00,1.12
2017.04.03 18:12:33.369,1.3844,1.38454,1.00,1.00
2017.04.03 18:12:33.577,1.38437,1.38451,2.81,1.00
2017.04.03 18:12:33.730,1.38436,1.3845,2.06,1.00
2017.04.03 18:12:34.237,1.38435,1.38449,1.19,1.00
2017.04.03 18:12:35.102,1.38441,1.38451,1.00,2.25
2017.04.03 18:12:35.814,1.38446,1.38451,1.00,1.00
2017.04.03 18:12:36.017,1.38449,1.38458,1.00,2.25
2017.04.03 18:12:36.271,1.38447,1.38458,1.00,1.37
2017.04.03 18:12:37.406,1.38448,1.38459,1.00,2.00
2017.04.03 18:12:37.949,1.38447,1.38458,1.00,1.37
2017.04.03 18:12:40.887,1.38448,1.38459,1.00,2.00
2017.04.03 18:12:46.033,1.38446,1.38458,1.00,1.50
2017.04.03 18:12:46.539,1.38447,1.38457,1.00,1.19
2017.04.03 18:12:47.068,1.38448,1.38457,1.00,1.19
2017.04.03 18:12:47.581,1.38448,1.38457,1.00,1.00
2017.04.03 18:12:48.191,1.38452,1.38459,1.00,1.12
2017.04.03 18:12:48.242,1.38452,1.38461,1.00,2.25
2017.04.03 18:12:48.293,1.38454,1.38461,1.00,1.87
2017.04.03 18:12:48.799,1.38454,1.38465,1.00,1.31
2017.04.03 18:12:49.182,1.38456,1.38465,1.00,1.12
2017.04.03 18:12:49.233,1.38456,1.38464,1.00,1.00
2017.04.03 18:12:49.537,1.38457,1.38468,1.00,2.81
2017.04.03 18:12:50.053,1.38458,1.38468,1.00,2.81
2017.04.03 18:12:50.713,1.38457,1.38468,1.00,1.37
2017.04.03 18:12:51.230,1.38458,1.38468,1.00,1.87
2017.04.03 18:12:52.248,1.38459,1.3847,1.00,1.94
2017.04.03 18:12:52.299,1.38461,1.38471,1.00,3.56
2017.04.03 18:12:52.400,1.38462,1.38474,1.00,1.75
2017.04.03 18:12:52.553,1.38461,1.38477,1.12,2.06
2017.04.03 18:12:53.092,1.38461,1.38472,1.00,1.87
2017.04.03 18:12:53.143,1.38457,1.38473,1.12,2.25
2017.04.03 18:12:53.194,1.38459,1.38472,1.00,2.44
2017.04.03 18:12:53.296,1.38457,1.38471,1.00,1.37
2017.04.03 18:12:53.448,1.38454,1.38469,1.37,1.00
2017.04.03 18:12:53.600,1.38457,1.38471,1.00,2.06
2017.04.03 18:12:53.760,1.38454,1.38469,1.50,1.00
2017.04.03 18:12:54.266,1.38454,1.38469,1.00,1.37
2017.04.03 18:12:54.795,1.38455,1.38471,1.12,2.81
2017.04.03 18:12:55.267,1.38454,1.3847,1.50,3.94
2017.04.03 18:12:55.369,1.38453,1.38468,1.00,1.37
2017.04.03 18:12:55.420,1.38455,1.3847,1.00,3.19
2017.04.03 18:12:55.522,1.38455,1.3847,1.00,1.62
2017.04.03 18:12:55.877,1.38458,1.38472,1.00,4.31
2017.04.03 18:12:56.426,1.38458,1.38472,1.00,1.31
2017.04.03 18:12:56.780,1.38456,1.38472,1.12,1.69
2017.04.03 18:12:56.831,1.38456,1.38471,1.12,2.06
2017.04.03 18:12:57.603,1.38455,1.3847,1.50,1.62
2017.04.03 18:13:02.224,1.38461,1.3847,1.00,1.62
2017.04.03 18:13:03.382,1.38459,1.38469,1.00,1.00
2017.04.03 18:13:03.888,1.38459,1.38468,1.00,1.00
2017.04.03 18:13:04.435,1.38461,1.38468,1.00,1.00
2017.04.03 18:13:04.538,1.38462,1.38472,1.00,1.31
2017.04.03 18:13:10.488,1.38462,1.38473,1.00,2.81
2017.04.03 18:13:11.070,1.38462,1.38472,1.00,1.31
2017.04.03 18:13:11.222,1.3846,1.38471,1.00,2.44
2017.04.03 18:13:15.545,1.38462,1.38471,1.00,1.19
2017.04.03 18:13:16.978,1.38462,1.38472,1.00,1.19
2017.04.03 18:13:17.079,1.38462,1.38473,1.00,2.81
2017.04.03 18:13:22.125,1.38463,1.38473,1.00,2.06
2017.04.03 18:13:22.639,1.38464,1.38474,1.00,1.62
2017.04.03 18:13:23.154,1.38463,1.38474,1.00,1.69
2017.04.03 18:13:23.789,1.38461,1.38473,1.00,1.56
2017.04.03 18:13:24.376,1.38461,1.38473,1.00,3.56
2017.04.03 18:13:28.919,1.38462,1.38471,1.00,1.25
2017.04.03 18:13:33.726,1.38463,1.38473,1.00,1.69
2017.04.03 18:13:34.252,1.38462,1.38472,1.00,1.69
2017.04.03 18:13:35.012,1.38461,1.3847,1.00,1.31
2017.04.03 18:13:35.516,1.38461,1.3847,1.00,1.31
2017.04.03 18:13:36.336,1.38461,1.38471,1.00,1.19
2017.04.03 18:13:39.406,1.38462,1.38472,1.00,1.56
2017.04.03 18:13:41.429,1.38462,1.38472,1.00,1.19
2017.04.03 18:13:42.515,1.38462,1.38472,1.00,1.00
2017.04.03 18:13:43.323,1.3846,1.38472,1.00,1.03
2017.04.03 18:13:44.095,1.3846,1.38472,1.00,2.65
2017.04.03 18:13:44.797,1.3846,1.38471,1.00,1.37
2017.04.03 18:13:47.529,1.38462,1.38472,1.00,2.27
2017.04.03 18:13:48.280,1.3846,1.38472,1.00,3.40
2017.04.03 18:13:48.799,1.3846,1.38472,1.00,3.40
2017.04.03 18:13:50.785,1.38463,1.38473,1.00,1.40
2017.04.03 18:13:51.869,1.38464,1.38473,1.00,1.40
2017.04.03 18:13:52.173,1.38467,1.38478,1.00,3.40
2017.04.03 18:13:52.224,1.3847,1.38478,1.00,4.52
2017.04.03 18:13:52.473,1.38468,1.38479,1.50,1.90
2017.04.03 18:13:52.527,1.3847,1.38477,1.00,1.00
2017.04.03 18:13:52.578,1.3847,1.38479,1.00,2.65
2017.04.03 18:13:52.831,1.38468,1.38478,1.00,1.00
2017.04.03 18:13:52.933,1.3847,1.38479,1.00,1.52
2017.04.03 18:13:53.389,1.38469,1.3848,1.00,1.50
2017.04.03 18:13:54.316,1.38471,1.3848,1.00,1.12
2017.04.03 18:13:54.751,1.38472,1.38482,1.00,1.12
2017.04.03 18:13:55.274,1.38471,1.38482,1.00,1.12
2017.04.03 18:13:57.295,1.3847,1.38482,1.00,1.50
2017.04.03 18:13:57.397,1.38469,1.38479,1.00,1.00
2017.04.03 18:13:57.701,1.38469,1.38479,1.00,2.27
2017.04.03 18:13:58.466,1.38472,1.38481,1.00,1.87
2017.04.03 18:13:58.997,1.38471,1.38481,1.00,1.50
2017.04.03 18:13:59.503,1.38474,1.38482,1.00,1.12
2017.04.03 18:13:59.554,1.38474,1.38484,1.00,3.77
2017.04.03 18:14:00.112,1.38473,1.38484,1.00,2.27
2017.04.03 18:14:00.240,1.38471,1.38483,1.00,2.27
2017.04.03 18:14:00.752,1.38472,1.38483,1.00,2.27
2017.04.03 18:14:04.428,1.3847,1.38482,1.00,1.52
2017.04.03 18:14:05.028,1.3847,1.38482,1.00,1.52
2017.04.03 18:14:05.743,1.38467,1.3848,1.50,1.50
2017.04.03 18:14:05.845,1.3847,1.38481,1.00,1.37
2017.04.03 18:14:06.362,1.3847,1.38481,1.00,1.00
2017.04.03 18:14:08.640,1.3847,1.3848,1.00,1.00
2017.04.03 18:14:08.698,1.38468,1.3848,1.00,1.12
2017.04.03 18:14:08.822,1.38464,1.38477,1.50,1.37
2017.04.03 18:14:09.461,1.38466,1.38477,1.00,1.37
2017.04.03 18:14:09.765,1.38469,1.3848,1.00,2.06
2017.04.03 18:14:09.816,1.38469,1.3848,1.00,3.00
2017.04.03 18:14:09.867,1.38467,1.3848,1.00,3.00
2017.04.03 18:14:10.774,1.38465,1.38479,1.00,1.87
2017.04.03 18:14:10.825,1.38465,1.38478,1.00,1.31
2017.04.03 18:14:11.331,1.38466,1.38477,1.00,1.12
2017.04.03 18:14:11.584,1.38464,1.38477,1.00,1.19
2017.04.03 18:14:12.192,1.38464,1.38475,1.00,1.00
2017.04.03 18:14:12.725,1.38463,1.38475,1.00,1.00
2017.04.03 18:14:13.874,1.38464,1.38475,1.00,1.00
2017.04.03 18:14:14.540,1.38466,1.38475,1.00,1.00
2017.04.03 18:14:15.059,1.38467,1.38479,1.00,2.27
2017.04.03 18:14:15.524,1.38464,1.38478,1.00,1.90
2017.04.03 18:14:15.842,1.38463,1.38475,1.00,1.02
2017.04.03 18:14:16.451,1.38464,1.38475,1.00,1.90
2017.04.03 18:14:18.499,1.38463,1.38475,1.00,1.90
2017.04.03 18:14:19.865,1.3846,1.38474,1.00,3.77
2017.04.03 18:14:19.917,1.3846,1.38473,1.00,6.77
2017.04.03 18:14:20.221,1.38465,1.38471,1.00,2.46
2017.04.03 18:14:20.272,1.38464,1.38475,1.00,1.50
2017.04.03 18:14:20.323,1.38464,1.38475,1.00,1.00
2017.04.03 18:14:20.524,1.38466,1.38478,1.00,1.40
2017.04.03 18:14:22.538,1.38465,1.38478,1.00,1.37
2017.04.03 18:14:23.260,1.38466,1.38478,1.00,1.37
2017.04.03 18:14:24.858,1.38467,1.38478,1.00,1.37
2017.04.03 18:14:25.662,1.38465,1.38478,1.00,3.37
2017.04.03 18:14:26.462,1.38465,1.38478,1.00,1.37
2017.04.03 18:14:26.969,1.38466,1.38478,1.00,1.87
2017.04.03 18:14:27.599,1.38465,1.38478,1.00,1.87
2017.04.03 18:14:28.573,1.38466,1.38479,1.00,3.40
2017.04.03 18:14:33.797,1.38465,1.38479,1.00,7.15
2017.04.03 18:14:35.834,1.38466,1.38478,1.00,1.37
2017.04.03 18:14:39.276,1.38466,1.38478,1.00,1.56
2017.04.03 18:14:43.256,1.38464,1.38478,1.00,1.69
2017.04.03 18:14:48.686,1.38465,1.38478,1.00,1.56
2017.04.03 18:14:49.218,1.38464,1.38477,1.00,1.19
2017.04.03 18:14:54.543,1.38468,1.38477,1.00,1.19
2017.04.03 18:14:54.645,1.38467,1.38481,1.00,2.44
2017.04.03 18:14:55.180,1.38466,1.38478,1.00,1.00
2017.04.03 18:14:56.887,1.38468,1.38478,1.00,1.00
2017.04.03 18:14:57.040,1.38469,1.38482,1.00,1.94
2017.04.03 18:14:58.083,1.38466,1.38479,1.00,1.50
2017.04.03 18:14:58.970,1.38467,1.3848,1.00,2.44
2017.04.03 18:14:59.751,1.38465,1.3848,1.50,2.44
2017.04.03 18:15:00.365,1.38466,1.3848,1.00,2.44
2017.04.03 18:15:02.088,1.38467,1.3848,1.00,1.31
2017.04.03 18:15:03.087,1.38466,1.3848,1.00,1.62
2017.04.03 18:15:03.397,1.38468,1.38481,1.00,1.31
2017.04.03 18:15:04.873,1.38468,1.38482,1.00,2.81
2017.04.03 18:15:06.760,1.3847,1.38482,1.00,2.81
2017.04.03 18:15:06.811,1.38468,1.38482,1.00,2.81
2017.04.03 18:15:07.170,1.38468,1.3848,1.00,2.81
2017.04.03 18:15:07.735,1.38467,1.38481,1.00,3.56
2017.04.03 18:15:10.482,1.38468,1.3848,1.00,1.31
2017.04.03 18:15:11.045,1.38466,1.38479,1.00,1.37
2017.04.03 18:15:12.510,1.38467,1.38478,1.00,1.50
2017.04.03 18:15:13.977,1.38467,1.38478,1.00,1.56
2017.04.03 18:15:16.108,1.38462,1.38475,1.00,1.12
2017.04.03 18:15:16.160,1.38462,1.38472,1.00,1.12
2017.04.03 18:15:16.464,1.3846,1.38471,1.00,1.56
2017.04.03 18:15:16.985,1.38459,1.38471,1.00,1.56
2017.04.03 18:15:18.028,1.38458,1.3847,1.00,1.25
2017.04.03 18:15:20.252,1.38457,1.38468,1.00,1.69
2017.04.03 18:15:20.303,1.38452,1.38466,1.00,1.69
2017.04.03 18:15:20.419,1.38456,1.38464,1.00,1.31
2017.04.03 18:15:20.520,1.38456,1.38467,1.00,2.06
2017.04.03 18:15:21.049,1.38456,1.38469,1.00,2.81
2017.04.03 18:15:21.201,1.38456,1.38468,1.00,4.69
2017.04.03 18:15:21.710,1.38455,1.38467,1.00,2.06
2017.04.03 18:15:22.637,1.38451,1.38463,1.00,1.12
2017.04.03 18:15:22.689,1.38451,1.38463,1.00,1.69
2017.04.03 18:15:22.790,1.38451,1.38465,1.00,1.31
2017.04.03 18:15:23.796,1.38452,1.38465,1.00,1.31
2017.04.03 18:15:25.977,1.38454,1.38466,1.00,2.44
2017.04.03 18:15:26.079,1.38455,1.38469,1.00,4.69
2017.04.03 18:15:26.690,1.38455,1.38469,1.00,2.06
2017.04.03 18:15:27.025,1.38453,1.38466,1.50,1.12
2017.04.03 18:15:27.126,1.38454,1.38467,1.00,1.19
2017.04.03 18:15:27.911,1.38451,1.38464,1.00,2.06
2017.04.03 18:15:28.900,1.38455,1.38466,1.00,1.69
2017.04.03 18:15:29.018,1.38453,1.38465,1.00,1.19
2017.04.03 18:15:29.525,1.38452,1.38465,1.00,1.19
2017.04.03 18:15:30.933,1.38452,1.38463,1.00,1.62
2017.04.03 18:15:31.440,1.38451,1.38463,1.00,1.56
2017.04.03 18:15:32.169,1.38452,1.38463,1.00,1.56
2017.04.03 18:15:32.220,1.3845,1.38463,1.00,2.44
2017.04.03 18:15:32.271,1.38452,1.38463,1.00,2.44
2017.04.03 18:15:32.686,1.3845,1.38463,1.00,1.69
2017.04.03 18:15:33.217,1.38451,1.38463,1.00,1.56
2017.04.03 18:15:35.657,1.38451,1.38461,1.00,1.31
2017.04.03 18:15:35.709,1.38449,1.38461,1.00,3.94
2017.04.03 18:15:36.222,1.3845,1.38461,1.00,1.69
2017.04.03 18:15:36.627,1.38448,1.3846,1.00,1.69
2017.04.03 18:15:38.786,1.38445,1.38456,1.00,1.12
2017.04.03 18:15:39.241,1.38447,1.38457,1.00,1.31
2017.04.03 18:15:41.097,1.38447,1.38459,1.00,2.06
2017.04.03 18:15:41.148,1.3845,1.38459,1.00,1.69
2017.04.03 18:15:43.422,1.38448,1.38459,1.00,2.44
2017.04.03 18:15:43.473,1.38446,1.38458,1.00,2.81
2017.04.03 18:15:44.035,1.38446,1.38459,1.00,1.94
2017.04.03 18:15:46.500,1.38446,1.38457,1.00,1.56
2017.04.03 18:15:47.164,1.38444,1.38456,1.00,1.19
2017.04.03 18:15:47.317,1.38443,1.38454,1.00,1.31
2017.04.03 18:15:48.255,1.38447,1.38455,1.00,2.81
2017.04.03 18:15:48.318,1.38445,1.38456,1.00,2.06
2017.04.03 18:15:48.419,1.38445,1.38458,1.00,1.69
2017.04.03 18:15:49.357,1.38452,1.38459,1.00,1.69
2017.04.03 18:15:49.409,1.38454,1.3846,1.00,1.50
2017.04.03 18:15:49.511,1.38457,1.38465,1.00,1.31
2017.04.03 18:15:49.714,1.38455,1.38467,1.00,1.69
2017.04.03 18:15:50.224,1.38456,1.38468,1.00,1.69
2017.04.03 18:15:50.431,1.38458,1.38469,1.00,3.75
2017.04.03 18:15:50.736,1.38457,1.38469,1.00,1.31
2017.04.03 18:15:50.939,1.38457,1.38467,1.50,1.31
2017.04.03 18:15:51.355,1.38455,1.38468,1.00,4.12
2017.04.03 18:15:51.406,1.38457,1.38468,1.00,4.12
2017.04.03 18:15:52.184,1.38454,1.38467,1.00,1.56
2017.04.03 18:15:52.336,1.38456,1.38467,1.00,1.31
2017.04.03 18:15:52.946,1.38457,1.38468,1.00,3.37
2017.04.03 18:15:53.245,1.38458,1.38468,1.00,1.19
2017.04.03 18:15:53.296,1.38456,1.38468,1.00,1.19
2017.04.03 18:15:53.348,1.38457,1.38468,1.00,3.00
2017.04.03 18:15:53.550,1.3846,1.38473,1.00,1.69
2017.04.03 18:15:53.703,1.38457,1.38468,1.50,1.12
2017.04.03 18:15:53.805,1.38456,1.38468,1.00,1.62
2017.04.03 18:15:53.856,1.38458,1.38468,1.00,1.62
2017.04.03 18:15:54.382,1.38457,1.38469,1.00,2.06
2017.04.03 18:15:55.028,1.38458,1.3847,1.00,4.50
2017.04.03 18:15:55.534,1.38456,1.38468,1.00,1.69
2017.04.03 18:15:56.378,1.38457,1.38468,1.00,1.69
2017.04.03 18:15:57.275,1.38456,1.38469,1.00,4.50
2017.04.03 18:15:57.883,1.38457,1.38468,1.00,1.69
2017.04.03 18:15:58.194,1.38454,1.38468,1.00,1.69
2017.04.03 18:15:59.856,1.38455,1.38467,1.00,2.06
2017.04.03 18:16:00.400,1.38456,1.38469,1.00,5.25
2017.04.03 18:16:01.193,1.38457,1.38468,1.00,1.69
2017.04.03 18:16:02.089,1.38454,1.38468,1.00,2.44
2017.04.03 18:16:02.487,1.38456,1.38468,1.00,2.44
2017.04.03 18:16:05.209,1.3846,1.38469,1.00,3.37
2017.04.03 18:16:05.261,1.3846,1.3847,1.00,1.75
2017.04.03 18:16:05.590,1.38458,1.38471,1.00,1.75
2017.04.03 18:16:07.573,1.38459,1.38471,1.00,1.12
2017.04.03 18:16:08.679,1.38461,1.38471,1.00,1.75
2017.04.03 18:16:08.781,1.3846,1.38473,1.00,2.06
2017.04.03 18:16:09.600,1.38461,1.38473,1.00,1.94
2017.04.03 18:16:10.596,1.3846,1.38473,1.00,1.94
2017.04.03 18:16:11.442,1.38461,1.38474,1.00,3.19
2017.04.03 18:16:12.044,1.38462,1.38474,1.00,1.69
2017.04.03 18:16:12.891,1.38461,1.38474,1.00,2.06
2017.04.03 18:16:13.598,1.38462,1.38474,1.00,2.81
2017.04.03 18:16:15.072,1.38461,1.38474,1.00,2.81
2017.04.03 18:16:19.369,1.38461,1.38473,1.00,1.19
2017.04.03 18:16:19.748,1.38464,1.38474,1.00,1.37
2017.04.03 18:16:20.052,1.38466,1.38477,1.00,3.00
2017.04.03 18:16:20.104,1.38464,1.38477,1.00,3.75
2017.04.03 18:16:20.155,1.38462,1.38476,1.00,1.69
2017.04.03 18:16:20.667,1.38461,1.38475,1.00,1.69
2017.04.03 18:16:21.091,1.38458,1.3847,1.00,1.62
2017.04.03 18:16:21.783,1.38464,1.38471,1.00,2.44
2017.04.03 18:16:21.834,1.38461,1.38472,1.00,1.75
2017.04.03 18:16:21.885,1.38462,1.38472,1.00,1.00
2017.04.03 18:16:21.937,1.38462,1.38476,1.00,3.00
2017.04.03 18:16:22.443,1.38461,1.38474,1.00,1.12
2017.04.03 18:16:23.654,1.38461,1.38473,1.00,1.00
2017.04.03 18:16:24.555,1.38461,1.38472,1.00,1.00
2017.04.03 18:16:24.657,1.38461,1.38474,1.00,1.12
2017.04.03 18:16:25.163,1.38461,1.38473,1.00,1.00
2017.04.03 18:16:25.927,1.38461,1.38474,1.00,1.00
2017.04.03 18:16:32.204,1.38461,1.38472,1.00,1.00
2017.04.03 18:16:33.711,1.38461,1.38473,1.00,1.00
2017.04.03 18:16:35.628,1.38464,1.38476,1.00,1.00
2017.04.03 18:16:35.931,1.38465,1.3848,1.00,1.37
2017.04.03 18:16:35.982,1.38465,1.38477,1.00,1.00
2017.04.03 18:16:36.489,1.38465,1.38479,1.37,1.00
2017.04.03 18:16:36.691,1.38465,1.38475,1.37,1.00
2017.04.03 18:16:36.793,1.38464,1.38475,1.00,1.00
2017.04.03 18:16:37.334,1.38463,1.38475,1.00,1.00
2017.04.03 18:16:37.768,1.38463,1.38472,1.00,1.00
2017.04.03 18:16:40.174,1.38463,1.38474,1.00,1.00
2017.04.03 18:16:41.281,1.38461,1.38474,1.87,1.00
2017.04.03 18:16:41.818,1.38461,1.38473,1.37,1.00
2017.04.03 18:16:42.354,1.38461,1.38473,1.12,1.00
2017.04.03 18:16:44.151,1.38462,1.38473,1.00,1.00
2017.04.03 18:16:45.200,1.38461,1.38473,1.12,1.00
2017.04.03 18:16:45.252,1.38465,1.38478,1.00,1.31
2017.04.03 18:16:48.236,1.38464,1.38478,1.00,3.19
2017.04.03 18:16:48.542,1.38463,1.38477,1.00,4.31
2017.04.03 18:16:49.059,1.38462,1.38476,1.00,2.06
2017.04.03 18:16:49.686,1.38463,1.38476,1.00,1.37
2017.04.03 18:16:49.838,1.38463,1.38477,1.00,1.87
2017.04.03 18:16:50.343,1.38465,1.38477,1.00,1.00
2017.04.03 18:16:50.799,1.38463,1.38473,1.00,1.12
2017.04.03 18:16:50.902,1.38461,1.38477,1.12,4.12
2017.04.03 18:16:51.409,1.38462,1.38477,1.00,1.00
2017.04.03 18:16:51.561,1.38462,1.38477,1.00,1.56
2017.04.03 18:16:52.490,1.38461,1.38477,1.50,1.56
2017.04.03 18:16:53.346,1.38462,1.38477,1.00,2.06
2017.04.03 18:16:53.870,1.38463,1.38477,1.00,2.06
2017.04.03 18:16:54.225,1.38461,1.38477,1.50,2.06
2017.04.03 18:16:54.761,1.38462,1.38476,1.00,1.19
2017.04.03 18:16:56.733,1.38461,1.38477,1.50,1.69
2017.04.03 18:16:57.241,1.38462,1.38476,1.00,1.19
2017.04.03 18:16:57.953,1.38461,1.38477,1.00,1.19
2017.04.03 18:16:58.509,1.38461,1.38477,1.00,1.12
2017.04.03 18:16:59.015,1.38461,1.38476,1.00,1.12
2017.04.03 18:17:00.351,1.38461,1.38477,1.50,1.37
2017.04.03 18:17:00.460,1.38461,1.3847,1.37,1.00
2017.04.03 18:17:03.827,1.38461,1.38471,1.37,1.00
2017.04.03 18:17:04.366,1.3846,1.38471,1.50,1.00
2017.04.03 18:17:11.473,1.3846,1.3847,1.50,1.00
2017.04.03 18:17:12.007,1.38458,1.38468,2.62,1.00
2017.04.03 18:17:12.213,1.38453,1.38465,1.12,1.00
2017.04.03 18:17:13.053,1.38453,1.38464,1.00,1.00
2017.04.03 18:17:13.676,1.38453,1.38465,1.00,1.00
2017.04.03 18:17:14.190,1.38453,1.38466,1.00,1.00
2017.04.03 18:17:14.556,1.38453,1.38464,1.00,1.00
2017.04.03 18:17:15.103,1.38453,1.38465,1.00,1.00
2017.04.03 18:17:16.024,1.38453,1.38464,1.00,1.00
2017.04.03 18:17:20.347,1.3845,1.38457,1.00,1.00
2017.04.03 18:17:20.398,1.38445,1.38457,1.62,1.00
2017.04.03 18:17:20.449,1.38445,1.38457,1.25,1.00
2017.04.03 18:17:20.855,1.38445,1.38459,1.25,1.12
2017.04.03 18:17:21.008,1.38445,1.38459,1.56,1.12
2017.04.03 18:17:21.110,1.38445,1.38457,1.00,1.00
2017.04.03 18:17:21.312,1.38445,1.38459,1.19,1.12
2017.04.03 18:17:21.660,1.38445,1.38457,1.19,1.00
2017.04.03 18:17:21.913,1.38445,1.38459,1.19,1.12
2017.04.03 18:17:22.526,1.38445,1.38457,1.19,1.00
2017.04.03 18:17:23.034,1.38445,1.38457,1.00,1.00
2017.04.03 18:17:23.136,1.38445,1.38459,1.25,1.12
2017.04.03 18:17:23.187,1.38445,1.38457,1.00,1.00
2017.04.03 18:17:23.708,1.38445,1.38457,1.69,1.00
2017.04.03 18:17:24.806,1.38445,1.38458,1.00,1.00
2017.04.03 18:17:25.313,1.38445,1.38457,1.00,1.00
2017.04.03 18:17:25.364,1.38443,1.38457,1.00,1.00
2017.04.03 18:17:26.275,1.38443,1.38458,1.00,1.25
2017.04.03 18:17:26.447,1.38439,1.3845,1.87,1.56
2017.04.03 18:17:26.498,1.38437,1.38449,1.37,2.06
2017.04.03 18:17:26.549,1.38436,1.38447,1.00,1.87
2017.04.03 18:17:26.600,1.38433,1.38446,1.00,2.06
2017.04.03 18:17:26.752,1.38435,1.38446,1.00,1.00
2017.04.03 18:17:26.905,1.38438,1.38452,1.50,1.00
2017.04.03 18:17:27.210,1.38437,1.3845,1.12,1.00
2017.04.03 18:17:27.305,1.38435,1.38451,2.06,3.00
2017.04.03 18:17:27.356,1.38433,1.38447,3.19,1.37
2017.04.03 18:17:27.655,1.38435,1.38449,1.00,1.87
2017.04.03 18:17:27.909,1.38436,1.38448,1.00,1.50
2017.04.03 18:17:28.011,1.38434,1.38447,1.00,1.50
2017.04.03 18:17:28.727,1.38438,1.38448,1.00,1.12
2017.04.03 18:17:28.879,1.38438,1.38449,1.00,1.00
2017.04.03 18:17:28.930,1.38438,1.38448,1.00,1.37
2017.04.03 18:17:28.981,1.38433,1.38447,1.19,1.87
2017.04.03 18:17:29.526,1.38433,1.38447,1.31,1.87
2017.04.03 18:17:30.585,1.38437,1.38449,1.00,1.12
2017.04.03 18:17:30.636,1.38439,1.38451,1.00,2.62
2017.04.03 18:17:30.687,1.38441,1.38451,1.00,2.62
2017.04.03 18:17:30.738,1.38442,1.38454,1.00,1.00
2017.04.03 18:17:30.789,1.3844,1.38454,1.00,1.00
2017.04.03 18:17:30.941,1.38439,1.38453,1.00,1.37
2017.04.03 18:17:31.247,1.38437,1.38451,1.50,2.62
2017.04.03 18:17:31.551,1.3844,1.3845,1.00,1.00
2017.04.03 18:17:31.906,1.38439,1.38453,1.00,2.44
2017.04.03 18:17:33.206,1.38438,1.38452,1.50,2.62
2017.04.03 18:17:33.525,1.38435,1.3845,1.69,1.50
2017.04.03 18:17:34.069,1.38435,1.38449,1.25,1.87
2017.04.03 18:17:34.766,1.38432,1.38446,2.44,1.12
2017.04.03 18:17:35.139,1.38422,1.38439,1.02,1.87
2017.04.03 18:17:35.392,1.38423,1.3844,1.03,2.25
2017.04.03 18:17:35.544,1.38422,1.38439,1.40,1.50
2017.04.03 18:17:35.940,1.38424,1.3844,1.00,1.00
2017.04.03 18:17:35.991,1.38424,1.38438,1.00,1.00
2017.04.03 18:17:36.497,1.38422,1.38438,1.52,1.00
2017.04.03 18:17:36.933,1.3842,1.38434,1.75,1.37
2017.04.03 18:17:37.035,1.38418,1.38435,1.52,1.37
2017.04.03 18:17:37.086,1.38418,1.38435,1.90,1.37
2017.04.03 18:17:37.412,1.3842,1.38435,1.12,1.37
2017.04.03 18:17:37.868,1.3842,1.38434,1.15,1.00
2017.04.03 18:17:39.382,1.3842,1.38433,1.90,1.00
2017.04.03 18:17:39.483,1.3842,1.38433,1.52,1.00
2017.04.03 18:17:40.027,1.3842,1.38434,1.52,1.00
2017.04.03 18:17:41.055,1.3842,1.38436,1.03,1.12
2017.04.03 18:17:41.157,1.38422,1.38436,1.00,1.12
2017.04.03 18:17:41.208,1.38423,1.38438,1.00,1.50
2017.04.03 18:17:41.832,1.38425,1.38439,1.00,2.06
2017.04.03 18:17:41.884,1.38423,1.38439,1.12,2.06
2017.04.03 18:17:42.139,1.38426,1.3844,1.00,1.50
2017.04.03 18:17:42.292,1.38426,1.38443,1.03,1.87
2017.04.03 18:17:42.801,1.38427,1.38443,1.50,1.00
2017.04.03 18:17:42.852,1.38429,1.38443,1.00,1.00
2017.04.03 18:17:43.156,1.38434,1.38443,1.00,1.87
2017.04.03 18:17:43.423,1.38423,1.38439,1.90,1.12
2017.04.03 18:17:43.829,1.38422,1.38438,1.40,1.50
2017.04.03 18:17:44.337,1.3842,1.38432,1.37,1.87
2017.04.03 18:17:44.388,1.3842,1.38436,1.37,1.12
2017.04.03 18:17:44.440,1.3842,1.38435,1.37,2.06
2017.04.03 18:17:44.918,1.38426,1.38439,1.00,1.12
2017.04.03 18:17:45.330,1.38425,1.38438,1.00,1.50
2017.04.03 18:17:45.634,1.38426,1.3844,1.00,2.06
2017.04.03 18:17:45.989,1.38426,1.3844,1.00,3.94
2017.04.03 18:17:46.328,1.38428,1.38441,1.00,2.44
2017.04.03 18:17:46.379,1.38426,1.38438,1.00,1.00
2017.04.03 18:17:46.480,1.38424,1.38438,1.00,1.25
2017.04.03 18:17:46.582,1.38426,1.38437,1.00,1.12
2017.04.03 18:17:46.886,1.38429,1.38439,1.00,1.37
2017.04.03 18:17:47.241,1.38426,1.38439,1.00,1.87
2017.04.03 18:17:47.752,1.38427,1.38437,1.00,1.00
2017.04.03 18:17:49.864,1.38425,1.38437,1.00,1.00
2017.04.03 18:17:49.916,1.3842,1.38434,3.37,2.06
2017.04.03 18:17:50.239,1.3841,1.38425,1.50,3.00
2017.04.03 18:17:50.291,1.3841,1.38425,1.00,2.62
2017.04.03 18:17:50.699,1.38412,1.38425,1.00,1.00
2017.04.03 18:17:50.801,1.3841,1.38427,1.50,2.25
2017.04.03 18:17:51.986,1.38408,1.38426,1.37,1.50
2017.04.03 18:17:52.088,1.38407,1.38425,2.25,1.37
2017.04.03 18:17:52.190,1.38407,1.38423,1.12,1.00
2017.04.03 18:17:52.715,1.38408,1.38425,1.00,1.87
2017.04.03 18:17:53.196,1.38406,1.38422,1.90,1.37
2017.04.03 18:17:53.501,1.3841,1.38425,2.62,1.37
2017.04.03 18:17:54.008,1.38408,1.38424,1.87,1.50
2017.04.03 18:17:55.127,1.38408,1.38426,3.00,1.87
2017.04.03 18:17:56.118,1.3841,1.38426,1.87,1.87
2017.04.03 18:17:56.633,1.38411,1.38428,1.00,2.62
2017.04.03 18:17:57.140,1.3841,1.38427,1.50,1.37
2017.04.03 18:17:57.242,1.38412,1.38428,1.00,1.12
2017.04.03 18:17:57.545,1.38413,1.3843,1.50,1.75
2017.04.03 18:17:58.051,1.38412,1.38429,3.00,1.37
2017.04.03 18:17:58.204,1.38411,1.38427,1.50,1.00
2017.04.03 18:17:59.231,1.38412,1.38427,1.37,1.00
2017.04.03 18:17:59.774,1.38412,1.38429,2.62,1.12
2017.04.03 18:18:00.180,1.3841,1.38428,1.00,1.87
2017.04.03 18:18:00.557,1.38412,1.38427,1.00,1.00
2017.04.03 18:18:00.861,1.38415,1.38428,1.00,1.37
2017.04.03 18:18:01.064,1.38416,1.38434,2.44,2.25
2017.04.03 18:18:01.586,1.38419,1.38436,2.25,1.75
2017.04.03 18:18:03.119,1.38421,1.38433,1.00,1.50
2017.04.03 18:18:03.221,1.38419,1.38436,1.50,3.00
2017.04.03 18:18:03.728,1.38419,1.38437,3.00,1.87
2017.04.03 18:18:04.267,1.3842,1.38437,1.12,1.75
2017.04.03 18:18:04.420,1.38421,1.38437,1.37,1.12
2017.04.03 18:18:04.472,1.38423,1.38438,1.12,1.87
2017.04.03 18:18:04.727,1.38422,1.38436,1.00,1.37
2017.04.03 18:18:04.828,1.3842,1.38436,1.12,1.12
2017.04.03 18:18:05.436,1.38421,1.38437,1.00,1.75
2017.04.03 18:18:05.590,1.38421,1.38437,1.37,1.37
2017.04.03 18:18:06.219,1.38422,1.38437,1.37,1.37
2017.04.03 18:18:06.422,1.38421,1.38435,1.12,1.00
2017.04.03 18:18:07.037,1.3842,1.38435,1.00,1.00
2017.04.03 18:18:09.161,1.38424,1.38435,1.00,1.00
2017.04.03 18:18:09.221,1.38423,1.38439,1.50,1.87
2017.04.03 18:18:09.378,1.38423,1.38438,1.37,1.37
2017.04.03 18:18:09.631,1.38418,1.38433,1.56,2.62
2017.04.03 18:18:10.546,1.38413,1.38426,1.62,1.00
2017.04.03 18:18:10.848,1.38413,1.38426,1.25,1.00
2017.04.03 18:18:11.000,1.38413,1.38426,1.62,1.37
2017.04.03 18:18:11.507,1.38411,1.38429,1.37,1.12
2017.04.03 18:18:12.014,1.38412,1.38429,1.37,1.75
2017.04.03 18:18:12.320,1.38411,1.38429,2.81,2.25
2017.04.03 18:18:12.906,1.38414,1.38429,2.25,1.50
2017.04.03 18:18:12.967,1.38414,1.38432,3.37,1.12
2017.04.03 18:18:13.272,1.38419,1.38432,1.00,1.12
2017.04.03 18:18:14.817,1.38419,1.38433,1.00,1.75
2017.04.03 18:18:15.338,1.38419,1.38432,1.00,1.75
2017.04.03 18:18:15.895,1.38418,1.38431,1.00,1.12
2017.04.03 18:18:16.305,1.38421,1.38432,1.00,1.12
2017.04.03 18:18:16.356,1.38421,1.38433,1.00,1.52
2017.04.03 18:18:16.458,1.38421,1.38433,1.00,1.52
2017.04.03 18:18:16.559,1.38424,1.38433,1.00,1.50
2017.04.03 18:18:16.729,1.38425,1.38439,1.00,4.15
2017.04.03 18:18:16.932,1.38425,1.38438,1.00,1.00
2017.04.03 18:18:17.506,1.38425,1.38439,1.00,4.90
2017.04.03 18:18:18.419,1.38425,1.38438,1.00,1.00
2017.04.03 18:18:19.232,1.38427,1.38439,1.00,1.12
2017.04.03 18:18:19.512,1.38425,1.38439,1.00,1.87
2017.04.03 18:18:19.767,1.38424,1.38437,1.00,3.00
2017.04.03 18:18:20.306,1.38423,1.38436,1.00,1.50
2017.04.03 18:18:20.537,1.38424,1.38437,1.00,1.50
2017.04.03 18:18:21.046,1.38425,1.38437,1.00,1.50
2017.04.03 18:18:21.524,1.38421,1.38435,1.00,1.37
2017.04.03 18:18:22.097,1.38422,1.38436,1.00,3.77
2017.04.03 18:18:23.119,1.38421,1.38436,1.00,3.94
2017.04.03 18:18:23.659,1.38422,1.38435,1.00,1.25
2017.04.03 18:18:24.426,1.38425,1.38436,1.00,1.31
2017.04.03 18:18:24.731,1.3843,1.38442,1.00,1.31
2017.04.03 18:18:26.203,1.38426,1.3844,2.62,2.06
2017.04.03 18:18:26.254,1.38426,1.38438,1.12,1.87
2017.04.03 18:18:26.357,1.38424,1.38437,1.00,1.87
2017.04.03 18:18:26.712,1.38424,1.38438,1.00,2.06
2017.04.03 18:18:26.763,1.38426,1.38438,1.00,1.69
2017.04.03 18:18:27.372,1.38424,1.38437,1.00,2.62
2017.04.03 18:18:29.577,1.38423,1.38437,1.00,1.87
2017.04.03 18:18:33.492,1.38424,1.38435,1.00,1.31
2017.04.03 18:18:33.695,1.38419,1.38434,1.37,1.12
2017.04.03 18:18:33.796,1.38419,1.38433,1.00,1.00
2017.04.03 18:18:33.847,1.3842,1.3843,1.00,1.00
2017.04.03 18:18:33.949,1.38418,1.3843,1.50,1.00
2017.04.03 18:18:34.101,1.38421,1.38432,1.00,1.12
2017.04.03 18:18:34.657,1.38418,1.3843,1.00,1.00
2017.04.03 18:18:36.946,1.38419,1.3843,1.00,1.00
2017.04.03 18:18:37.794,1.38416,1.3843,1.37,1.00
2017.04.03 18:18:38.098,1.38421,1.38432,1.00,1.00
2017.04.03 18:18:38.806,1.38421,1.38433,1.00,1.75
2017.04.03 18:18:39.864,1.38421,1.38432,1.00,1.50
2017.04.03 18:18:39.915,1.38419,1.38431,1.00,1.12
2017.04.03 18:18:41.062,1.38415,1.38428,1.50,1.12
2017.04.03 18:18:41.114,1.38414,1.38428,1.00,1.87
2017.04.03 18:18:41.503,1.38416,1.38426,1.00,1.12
2017.04.03 18:18:42.669,1.38415,1.38426,1.00,1.12
2017.04.03 18:18:43.187,1.38416,1.38426,1.00,1.12
2017.04.03 18:18:44.031,1.38416,1.38429,1.00,1.87
2017.04.03 18:18:44.184,1.38417,1.38428,1.00,1.50
2017.04.03 18:18:44.691,1.38418,1.38428,1.00,1.00
2017.04.03 18:18:45.408,1.38415,1.38428,1.00,1.50
2017.04.03 18:18:45.510,1.38417,1.38428,1.00,1.75
2017.04.03 18:18:45.611,1.38417,1.38428,1.00,1.50
2017.04.03 18:18:46.129,1.38418,1.3843,1.00,1.75
2017.04.03 18:18:46.281,1.38421,1.38431,1.00,1.87
2017.04.03 18:18:46.383,1.38419,1.38432,1.00,1.31
2017.04.03 18:18:46.636,1.38416,1.38429,1.00,1.12
2017.04.03 18:18:46.737,1.38416,1.38428,1.00,1.31
2017.04.03 18:18:47.244,1.38417,1.38424,1.00,1.00
2017.04.03 18:18:47.780,1.38416,1.38427,1.00,1.75
2017.04.03 18:18:48.378,1.38416,1.38426,1.00,1.12
2017.04.03 18:18:50.035,1.38416,1.38425,1.00,1.00
2017.04.03 18:18:50.746,1.38417,1.38425,1.00,1.00
2017.04.03 18:18:50.898,1.38419,1.3843,1.00,3.00
2017.04.03 18:18:50.950,1.38416,1.38428,1.00,1.00
2017.04.03 18:18:51.001,1.38414,1.38427,1.00,1.69
2017.04.03 18:18:51.154,1.38412,1.38424,1.00,1.12
2017.04.03 18:18:51.405,1.38411,1.38423,1.00,1.50
2017.04.03 18:18:51.507,1.38409,1.38423,1.00,3.19
2017.04.03 18:18:51.559,1.38416,1.38424,1.00,3.19
2017.04.03 18:18:51.711,1.38416,1.38427,1.00,1.69
2017.04.03 18:18:51.763,1.38414,1.38427,1.00,1.69
2017.04.03 18:18:52.274,1.38415,1.38427,1.00,1.31
2017.04.03 18:18:52.795,1.38415,1.38429,1.00,1.31
2017.04.03 18:18:54.530,1.38415,1.38427,1.00,1.00
2017.04.03 18:18:55.066,1.38415,1.38428,1.00,2.06
2017.04.03 18:18:55.603,1.38416,1.38428,1.00,2.06
2017.04.03 18:18:55.854,1.3842,1.38427,1.00,1.00
2017.04.03 18:18:55.983,1.38419,1.38431,1.00,1.69
2017.04.03 18:18:56.383,1.38422,1.38431,1.00,1.19
2017.04.03 18:18:56.899,1.38422,1.38431,1.00,1.25
2017.04.03 18:18:58.211,1.38423,1.38434,1.00,2.00
2017.04.03 18:18:58.262,1.38423,1.38435,1.00,2.06
2017.04.03 18:19:00.908,1.38425,1.38435,1.00,1.69
2017.04.03 18:19:01.467,1.38425,1.38435,1.00,1.19
2017.04.03 18:19:01.991,1.38425,1.38438,1.00,1.75
2017.04.03 18:19:02.817,1.38425,1.38437,1.00,1.12
2017.04.03 18:19:02.868,1.38429,1.38437,1.00,1.00
2017.04.03 18:19:02.920,1.3843,1.38439,1.00,1.00
2017.04.03 18:19:03.428,1.3843,1.3844,1.00,1.00
2017.04.03 18:19:06.838,1.38434,1.3844,1.00,1.00
2017.04.03 18:19:06.942,1.38434,1.38442,1.00,1.00
2017.04.03 18:19:07.582,1.38435,1.38445,1.00,1.37
2017.04.03 18:19:08.484,1.38434,1.38446,1.00,1.12
2017.04.03 18:19:08.636,1.38431,1.38444,1.00,1.75
2017.04.03 18:19:08.788,1.38433,1.38442,1.00,1.00
2017.04.03 18:19:08.941,1.38433,1.38444,1.00,1.00
2017.04.03 18:19:09.295,1.3843,1.38444,1.00,3.37
2017.04.03 18:19:09.598,1.38429,1.38439,1.00,1.12
2017.04.03 18:19:09.903,1.38431,1.3844,1.00,1.12
2017.04.03 18:19:10.055,1.38435,1.38445,1.00,1.87
2017.04.03 18:19:10.635,1.38435,1.38446,1.00,1.37
2017.04.03 18:19:14.187,1.38432,1.38444,1.00,1.50
2017.04.03 18:19:14.698,1.38432,1.38442,1.00,1.00
2017.04.03 18:19:14.800,1.3843,1.38442,1.00,1.00
2017.04.03 18:19:15.351,1.38432,1.38442,1.00,1.00
2017.04.03 18:19:16.377,1.38432,1.38441,1.00,1.00
2017.04.03 18:19:17.195,1.38432,1.38442,1.00,1.00
2017.04.03 18:19:18.156,1.3843,1.38442,1.00,1.12
2017.04.03 18:19:19.201,1.3843,1.38442,1.00,1.37
2017.04.03 18:19:19.708,1.38431,1.38442,1.00,1.12
2017.04.03 18:19:22.036,1.38432,1.38442,1.00,1.00
2017.04.03 18:19:22.554,1.38431,1.38442,1.00,1.00
2017.04.03 18:19:27.217,1.38431,1.38442,1.00,1.37
2017.04.03 18:19:27.801,1.38432,1.38442,1.00,1.00
2017.04.03 18:19:29.167,1.38432,1.38444,1.00,1.87
2017.04.03 18:19:29.674,1.38432,1.38443,1.00,1.12
2017.04.03 18:19:31.517,1.38432,1.38444,1.00,1.75
2017.04.03 18:19:31.727,1.3843,1.38443,1.00,1.75
2017.04.03 18:19:37.313,1.38431,1.38443,1.00,1.12
2017.04.03 18:19:37.864,1.3843,1.38443,1.00,2.25
2017.04.03 18:19:39.516,1.38431,1.38443,1.00,1.75
2017.04.03 18:19:39.669,1.38435,1.38443,1.00,1.75
2017.04.03 18:19:39.771,1.38437,1.38447,1.00,1.75
2017.04.03 18:19:39.822,1.38435,1.38447,1.00,1.12
2017.04.03 18:19:39.873,1.38437,1.38447,1.00,1.12
2017.04.03 18:19:41.438,1.38438,1.38447,1.00,1.12
2017.04.03 18:19:41.859,1.38438,1.3845,1.00,2.00
2017.04.03 18:19:42.519,1.38438,1.38449,1.00,1.31
2017.04.03 18:19:42.998,1.38438,1.38448,1.00,1.31
2017.04.03 18:19:43.049,1.38433,1.38446,1.00,1.94
2017.04.03 18:19:43.151,1.38433,1.38444,1.00,2.00
2017.04.03 18:19:43.606,1.38433,1.38446,1.00,1.75
2017.04.03 18:19:43.708,1.38436,1.38446,1.00,1.19
2017.04.03 18:19:44.218,1.38435,1.38446,1.00,1.69
2017.04.03 18:19:46.472,1.38436,1.38447,1.00,1.56
2017.04.03 18:19:46.574,1.38438,1.3845,1.00,2.81
2017.04.03 18:19:46.625,1.38437,1.38447,1.00,1.19
2017.04.03 18:19:46.727,1.38437,1.38449,1.00,1.31
2017.04.03 18:19:47.279,1.38435,1.38446,1.00,1.31
2017.04.03 18:19:47.836,1.38433,1.38446,1.00,1.69
2017.04.03 18:19:49.664,1.38435,1.38446,1.00,1.69
2017.04.03 18:19:49.949,1.38434,1.38448,1.00,2.06
2017.04.03 18:19:50.530,1.38435,1.38449,1.00,1.50
2017.04.03 18:19:50.842,1.38436,1.38448,1.00,4.12
2017.04.03 18:19:51.167,1.38436,1.38448,1.00,1.12
2017.04.03 18:20:03.201,1.38435,1.38449,1.00,1.87
2017.04.03 18:20:03.252,1.38433,1.38449,1.50,1.37
2017.04.03 18:20:03.404,1.38439,1.38451,1.00,1.62
2017.04.03 18:20:03.455,1.38437,1.38451,1.00,2.06
2017.04.03 18:20:03.506,1.38434,1.38449,1.50,1.00
2017.04.03 18:20:04.695,1.38434,1.38445,1.87,1.00
2017.04.03 18:20:05.374,1.38434,1.38443,2.25,1.00
2017.04.03 18:20:06.383,1.38434,1.38444,1.12,1.00
2017.04.03 18:20:08.070,1.38438,1.38451,1.00,2.06
2017.04.03 18:20:08.400,1.38441,1.38454,1.00,3.56
2017.04.03 18:20:08.452,1.38441,1.38454,1.00,2.06
2017.04.03 18:20:12.026,1.38438,1.38452,1.12,1.00
2017.04.03 18:20:13.560,1.38439,1.38453,1.37,1.12
2017.04.03 18:20:13.713,1.38437,1.38452,1.00,1.00
2017.04.03 18:20:14.221,1.38437,1.38451,1.50,1.00
2017.04.03 18:20:17.746,1.38438,1.38451,1.00,1.00
2017.04.03 18:20:21.154,1.38442,1.38455,1.19,1.50
2017.04.03 18:20:21.256,1.38444,1.38457,1.00,1.12
2017.04.03 18:20:22.815,1.38443,1.38457,1.31,1.12
2017.04.03 18:20:23.119,1.38441,1.38455,2.44,1.00
2017.04.03 18:20:24.102,1.38443,1.38457,1.25,1.00
2017.04.03 18:20:24.154,1.38445,1.38457,1.00,1.00
2017.04.03 18:20:24.489,1.3844,1.38455,1.69,1.87
2017.04.03 18:20:25.399,1.38439,1.3845,1.56,1.37
2017.04.03 18:20:25.501,1.38434,1.38447,1.12,1.50
2017.04.03 18:20:25.552,1.38431,1.38445,3.19,1.00
2017.04.03 18:20:29.087,1.38431,1.38445,1.19,1.00
2017.04.03 18:20:29.608,1.38436,1.38449,1.19,1.00
2017.04.03 18:20:30.115,1.38436,1.3845,1.19,1.00
2017.04.03 18:20:31.427,1.38435,1.38449,1.69,1.00
2017.04.03 18:20:31.579,1.38435,1.38451,2.44,1.00
2017.04.03 18:20:32.860,1.38436,1.38453,2.06,1.65
2017.04.03 18:20:33.059,1.38436,1.38453,2.44,1.50
2017.04.03 18:20:33.848,1.38438,1.38452,2.06,1.00
2017.04.03 18:20:33.898,1.38439,1.38453,1.19,1.00
2017.04.03 18:20:34.597,1.38439,1.38453,1.00,1.00
2017.04.03 18:20:37.966,1.38438,1.38452,1.12,1.00
2017.04.03 18:20:38.068,1.38438,1.38452,1.12,1.09
2017.04.03 18:20:38.134,1.38438,1.38452,1.12,1.25
2017.04.03 18:20:38.649,1.38438,1.38452,1.12,1.09
2017.04.03 18:20:39.156,1.38437,1.38453,1.19,1.87
2017.04.03 18:20:41.795,1.38437,1.38453,1.31,1.50
2017.04.03 18:20:42.317,1.38437,1.38453,1.31,1.65
2017.04.03 18:20:43.091,1.38435,1.38449,1.69,1.12
2017.04.03 18:20:43.192,1.38435,1.38448,1.00,1.00
2017.04.03 18:20:43.294,1.38437,1.38448,1.19,1.12
2017.04.03 18:20:43.894,1.38435,1.38449,2.81,1.00
2017.04.03 18:20:44.231,1.38439,1.38451,1.00,1.20
2017.04.03 18:20:44.754,1.38438,1.38452,1.19,1.00
2017.04.03 18:20:45.291,1.38439,1.38453,1.31,1.00
2017.04.03 18:20:47.253,1.3844,1.38453,1.69,1.00
2017.04.03 18:20:47.305,1.38445,1.38456,1.00,1.37
2017.04.03 18:20:47.459,1.38446,1.3846,1.00,1.50
2017.04.03 18:20:47.622,1.38444,1.38457,1.00,1.00
2017.04.03 18:20:48.129,1.38443,1.38456,1.00,1.00
2017.04.03 18:20:49.315,1.38442,1.38458,1.50,1.87
2017.04.03 18:20:49.633,1.38435,1.38449,1.00,1.50
2017.04.03 18:20:53.333,1.38437,1.38451,1.00,1.69
2017.04.03 18:20:54.249,1.38435,1.38447,1.12,1.00
2017.04.03 18:20:54.452,1.38431,1.38445,1.12,1.19
2017.04.03 18:20:54.756,1.38431,1.38446,1.50,1.31
2017.04.03 18:20:57.413,1.38431,1.38446,1.00,1.62
2017.04.03 18:20:59.856,1.3843,1.38444,1.87,1.00
2017.04.03 18:20:59.958,1.38428,1.3844,1.50,1.00
2017.04.03 18:21:00.110,1.38422,1.38438,3.19,1.12
2017.04.03 18:21:00.162,1.38422,1.38435,1.31,1.87
2017.04.03 18:21:00.263,1.38421,1.3843,1.00,1.00
2017.04.03 18:21:00.315,1.38425,1.38431,1.00,1.00
2017.04.03 18:21:00.366,1.38422,1.38433,1.19,1.50
2017.04.03 18:21:00.467,1.38421,1.38433,1.12,1.87
2017.04.03 18:21:00.972,1.3842,1.38435,1.50,2.25
2017.04.03 18:21:01.371,1.3842,1.38432,1.00,1.00
2017.04.03 18:21:01.422,1.38416,1.3843,1.00,1.19
2017.04.03 18:21:01.960,1.38415,1.38429,1.00,1.00
2017.04.03 18:21:02.457,1.38417,1.3843,1.00,1.12
2017.04.03 18:21:02.761,1.38421,1.38435,1.00,2.06
2017.04.03 18:21:03.099,1.38419,1.38435,1.50,1.69
2017.04.03 18:21:03.645,1.3842,1.38436,1.00,1.69
2017.04.03 18:21:11.653,1.38422,1.38436,1.00,2.44
2017.04.03 18:21:11.957,1.38423,1.38437,1.19,1.00
2017.04.03 18:21:12.565,1.38425,1.38437,1.00,1.00
2017.04.03 18:21:12.802,1.38422,1.38436,1.69,1.00
2017.04.03 18:21:13.106,1.38423,1.38437,1.00,1.50
2017.04.03 18:21:13.208,1.38423,1.38437,1.00,1.50
2017.04.03 18:21:16.605,1.38427,1.38438,1.00,1.37
2017.04.03 18:21:16.657,1.38428,1.3844,1.00,1.37
2017.04.03 18:21:16.708,1.38428,1.38442,1.00,1.87
2017.04.03 18:21:17.216,1.38428,1.38442,1.00,1.12
2017.04.03 18:21:18.285,1.38427,1.38441,1.25,1.37
2017.04.03 18:21:18.597,1.38424,1.38437,1.00,1.50
2017.04.03 18:21:18.648,1.38418,1.38434,2.25,1.50
2017.04.03 18:21:18.800,1.38417,1.38431,1.25,1.37
2017.04.03 18:21:18.851,1.38415,1.3843,2.62,1.00
2017.04.03 18:21:18.902,1.38415,1.38428,1.50,1.37
2017.04.03 18:21:19.055,1.38413,1.38428,1.00,2.06
2017.04.03 18:21:19.442,1.38411,1.38427,1.12,2.06
2017.04.03 18:21:19.493,1.38411,1.38425,1.87,1.00
2017.04.03 18:21:20.001,1.38411,1.38424,1.00,1.00
2017.04.03 18:21:20.548,1.38411,1.38426,1.00,1.69
2017.04.03 18:21:21.055,1.38411,1.38424,1.00,1.00
2017.04.03 18:21:22.034,1.38411,1.38424,1.00,1.37
2017.04.03 18:21:22.604,1.38411,1.38424,1.00,1.00
2017.04.03 18:21:27.743,1.3841,1.38424,1.69,1.00
2017.04.03 18:21:28.047,1.38409,1.38423,1.37,1.31
2017.04.03 18:21:28.098,1.38408,1.38419,1.00,1.00
2017.04.03 18:21:28.199,1.38404,1.38418,2.81,1.00
2017.04.03 18:21:28.351,1.38404,1.38418,2.06,1.00
2017.04.03 18:21:28.861,1.38404,1.38419,1.25,1.12
2017.04.03 18:21:29.317,1.38403,1.38417,1.12,1.00
2017.04.03 18:21:29.874,1.38403,1.38417,1.19,1.00
2017.04.03 18:21:30.708,1.384,1.38416,1.87,1.37
2017.04.03 18:21:31.214,1.38402,1.38416,1.00,1.00
2017.04.03 18:21:31.265,1.38402,1.38416,1.00,1.31
2017.04.03 18:21:31.468,1.38402,1.38416,1.00,1.00
2017.04.03 18:21:31.570,1.38402,1.38416,1.00,1.31
2017.04.03 18:21:31.975,1.38402,1.38416,1.00,1.00
2017.04.03 18:21:32.274,1.38402,1.38416,1.00,2.06
2017.04.03 18:21:32.843,1.38402,1.38413,1.00,1.00
2017.04.03 18:21:33.094,1.38402,1.38416,1.00,1.50
2017.04.03 18:21:33.648,1.38401,1.38415,1.00,1.00
2017.04.03 18:21:34.344,1.384,1.38414,1.00,1.00
2017.04.03 18:21:34.496,1.38396,1.38412,1.31,1.37
2017.04.03 18:21:34.801,1.38394,1.38409,2.44,1.00
2017.04.03 18:21:35.091,1.38402,1.38419,1.50,1.00
2017.04.03 18:21:35.192,1.384,1.3842,2.62,2.54
2017.04.03 18:21:36.914,1.38401,1.3842,1.50,3.67
2017.04.03 18:21:37.726,1.38402,1.38418,1.12,1.50
2017.04.03 18:21:37.828,1.384,1.38418,2.62,1.87
2017.04.03 18:21:37.879,1.384,1.38418,3.19,1.87
2017.04.03 18:21:38.334,1.38401,1.38419,1.12,1.37
2017.04.03 18:21:38.537,1.38401,1.38419,1.00,1.37
2017.04.03 18:21:38.840,1.38403,1.38418,1.00,1.37
2017.04.03 18:21:39.377,1.38403,1.38419,1.00,1.75
2017.04.03 18:21:40.066,1.38403,1.38419,1.00,2.25
2017.04.03 18:21:40.673,1.384,1.38419,1.56,2.62
2017.04.03 18:21:40.776,1.38398,1.38416,1.69,1.00
2017.04.03 18:21:40.896,1.38398,1.38414,1.31,1.12
2017.04.03 18:21:41.342,1.38396,1.38412,1.12,1.12
2017.04.03 18:21:41.444,1.38392,1.3841,1.69,1.12
2017.04.03 18:21:43.098,1.38393,1.38409,1.25,1.37
2017.04.03 18:21:43.403,1.38392,1.38409,1.31,1.12
2017.04.03 18:21:43.908,1.3839,1.38409,3.56,1.00
2017.04.03 18:21:44.434,1.38393,1.38408,1.25,1.00
2017.04.03 18:21:45.093,1.38393,1.38408,2.81,1.00
2017.04.03 18:21:45.361,1.384,1.38415,1.00,1.50
2017.04.03 18:21:45.463,1.38398,1.38411,1.00,1.00
2017.04.03 18:21:45.615,1.38395,1.38411,1.19,2.25
2017.04.03 18:21:46.377,1.38395,1.38411,1.69,1.00
2017.04.03 18:21:46.480,1.38398,1.38412,1.00,1.12
2017.04.03 18:21:46.531,1.38395,1.38411,2.25,1.00
2017.04.03 18:21:46.583,1.38399,1.38414,1.00,1.87
2017.04.03 18:21:47.034,1.38402,1.38416,1.00,1.37
2017.04.03 18:21:47.578,1.38401,1.38415,1.00,1.12
2017.04.03 18:21:49.117,1.38405,1.38417,1.00,1.12
2017.04.03 18:21:49.370,1.38407,1.38419,1.00,1.67
2017.04.03 18:21:50.317,1.38406,1.38418,1.00,1.04
2017.04.03 18:21:50.520,1.38405,1.38415,1.00,1.00
2017.04.03 18:21:51.079,1.38403,1.38411,1.00,1.00
2017.04.03 18:21:51.193,1.38401,1.38411,1.00,1.00
2017.04.03 18:21:51.244,1.38398,1.38411,1.12,1.00
2017.04.03 18:21:51.418,1.38402,1.38411,1.00,1.00
2017.04.03 18:21:51.574,1.384,1.3841,1.00,1.00
2017.04.03 18:21:51.878,1.384,1.38408,1.00,1.00
2017.04.03 18:21:51.929,1.38393,1.38408,3.37,1.00
2017.04.03 18:21:51.980,1.38393,1.38406,2.62,1.12
2017.04.03 18:21:52.032,1.38393,1.38405,1.50,1.00
2017.04.03 18:21:52.235,1.3839,1.38404,2.25,1.00
2017.04.03 18:21:52.337,1.38392,1.38407,1.00,1.50
2017.04.03 18:21:54.049,1.38393,1.38407,1.12,1.00
2017.04.03 18:21:54.151,1.38397,1.38408,1.00,1.12
2017.04.03 18:21:54.613,1.38394,1.38407,1.00,1.00
2017.04.03 18:21:55.125,1.38393,1.38407,1.00,1.50
2017.04.03 18:21:57.169,1.38392,1.38406,2.25,1.00
2017.04.03 18:21:57.422,1.38391,1.38403,1.12,1.12
2017.04.03 18:21:57.524,1.38388,1.38403,1.00,1.50
2017.04.03 18:21:57.575,1.38385,1.38397,1.00,2.35
2017.04.03 18:21:57.881,1.38385,1.38398,1.87,1.00
2017.04.03 18:21:57.934,1.38384,1.38397,1.00,1.75
2017.04.03 18:21:58.037,1.38385,1.38398,1.12,1.12
2017.04.03 18:21:58.291,1.38382,1.3839,1.00,1.12
2017.04.03 18:21:58.445,1.38379,1.3839,1.12,1.00
2017.04.03 18:21:58.598,1.38377,1.38391,1.00,1.00
2017.04.03 18:21:58.649,1.38377,1.38393,1.50,1.87
2017.04.03 18:21:58.700,1.38378,1.3839,1.00,1.00
2017.04.03 18:21:58.751,1.38379,1.38392,1.00,1.03
2017.04.03 18:21:58.802,1.38376,1.38391,1.00,1.37
2017.04.03 18:21:58.854,1.38378,1.38391,1.00,1.37
2017.04.03 18:21:59.283,1.38377,1.3839,1.00,1.02
2017.04.03 18:21:59.436,1.38374,1.38388,1.00,1.03
2017.04.03 18:21:59.841,1.38373,1.38387,1.00,1.87
2017.04.03 18:21:59.943,1.38369,1.38386,1.37,3.02
2017.04.03 18:22:00.095,1.38372,1.38387,1.00,1.87
2017.04.03 18:22:00.659,1.38369,1.38385,1.12,1.00
2017.04.03 18:22:00.914,1.38364,1.3838,1.12,1.12
2017.04.03 18:22:00.966,1.38366,1.3838,1.00,2.62
2017.04.03 18:22:01.271,1.3837,1.38383,1.00,1.12
2017.04.03 18:22:01.322,1.3837,1.38385,1.00,2.25
2017.04.03 18:22:01.626,1.38369,1.38383,1.00,1.87
2017.04.03 18:22:01.728,1.38369,1.38383,1.00,1.87
2017.04.03 18:22:02.032,1.3837,1.38385,1.00,1.87
2017.04.03 18:22:02.231,1.38369,1.38385,1.50,1.12
2017.04.03 18:22:02.333,1.38372,1.38385,1.00,1.87
2017.04.03 18:22:02.384,1.38369,1.38385,1.12,1.87
2017.04.03 18:22:02.435,1.38369,1.38384,1.12,1.37
2017.04.03 18:22:02.588,1.38364,1.38379,1.00,1.00
2017.04.03 18:22:02.639,1.38362,1.38379,1.50,1.00
2017.04.03 18:22:02.844,1.38362,1.38381,3.37,2.25
2017.04.03 18:22:03.148,1.38368,1.38382,1.00,1.00
2017.04.03 18:22:03.452,1.38365,1.38381,1.87,1.50
2017.04.03 18:22:03.879,1.38367,1.38383,1.37,1.87
2017.04.03 18:22:04.335,1.38367,1.3838,1.50,1.00
2017.04.03 18:22:05.343,1.38366,1.3838,1.37,1.00
2017.04.03 18:22:05.511,1.38365,1.38382,3.37,1.00
2017.04.03 18:22:05.867,1.38368,1.38384,1.87,1.50
2017.04.03 18:22:05.968,1.38369,1.38384,1.37,1.00
2017.04.03 18:22:06.324,1.38369,1.38381,1.37,1.00
2017.04.03 18:22:06.427,1.38367,1.38382,1.50,1.00
2017.04.03 18:22:06.935,1.38368,1.38383,1.12,1.00
2017.04.03 18:22:07.308,1.38373,1.38387,1.12,1.00
2017.04.03 18:22:07.966,1.38373,1.38388,1.12,1.00
2017.04.03 18:22:08.017,1.38373,1.3839,1.00,1.00
2017.04.03 18:22:08.271,1.38373,1.38387,1.00,1.00
2017.04.03 18:22:08.779,1.38373,1.38388,1.00,1.00
2017.04.03 18:22:09.381,1.3837,1.38387,1.87,1.00
2017.04.03 18:22:09.786,1.3837,1.38383,1.12,1.00
2017.04.03 18:22:10.090,1.38368,1.38379,1.12,1.00
2017.04.03 18:22:10.141,1.38368,1.38381,1.12,1.00
2017.04.03 18:22:10.597,1.38368,1.38378,1.12,1.00
2017.04.03 18:22:11.175,1.38368,1.38379,1.12,1.00
2017.04.03 18:22:11.602,1.38369,1.38382,1.37,1.00
2017.04.03 18:22:11.856,1.38368,1.3838,2.62,1.00
2017.04.03 18:22:12.616,1.38367,1.38377,2.25,1.00
2017.04.03 18:22:12.834,1.38365,1.38375,1.50,1.00
2017.04.03 18:22:12.986,1.38365,1.38373,1.37,1.00
2017.04.03 18:22:13.037,1.38364,1.38374,1.00,1.00
2017.04.03 18:22:13.190,1.38364,1.38376,1.12,1.00
2017.04.03 18:22:13.705,1.38365,1.38377,1.00,1.00
2017.04.03 18:22:13.756,1.38365,1.38375,1.00,1.00
2017.04.03 18:22:14.178,1.38365,1.38373,1.00,1.00
2017.04.03 18:22:14.229,1.38363,1.38372,1.12,1.00
2017.04.03 18:22:14.280,1.38363,1.3837,1.12,1.00
2017.04.03 18:22:14.331,1.38358,1.3837,2.62,1.00
2017.04.03 18:22:14.563,1.38359,1.38367,1.00,1.00
2017.04.03 18:22:14.665,1.38358,1.38373,1.00,1.50
2017.04.03 18:22:14.773,1.38358,1.3837,1.00,1.87
2017.04.03 18:22:14.824,1.38354,1.38368,1.00,1.00
2017.04.03 18:22:14.926,1.38352,1.38367,1.00,1.87
2017.04.03 18:22:15.130,1.38354,1.38368,1.00,1.00
2017.04.03 18:22:15.610,1.38352,1.38368,1.00,1.37
2017.04.03 18:22:15.661,1.38352,1.38368,1.00,1.12
2017.04.03 18:22:15.966,1.38352,1.3837,1.00,4.12
2017.04.03 18:22:16.169,1.38352,1.38369,1.50,1.00
2017.04.03 18:22:16.687,1.38352,1.3837,1.50,3.00
2017.04.03 18:22:17.022,1.38353,1.3837,1.87,1.87
2017.04.03 18:22:17.428,1.38357,1.38374,1.12,1.37
2017.04.03 18:22:17.530,1.38358,1.38374,1.00,1.00
2017.04.03 18:22:17.846,1.38357,1.38374,1.12,2.62
2017.04.03 18:22:18.361,1.38358,1.38374,1.00,1.50
2017.04.03 18:22:19.181,1.38357,1.38371,1.00,1.00
2017.04.03 18:22:19.234,1.38355,1.38371,1.12,2.25
2017.04.03 18:22:19.336,1.38355,1.38372,1.12,1.87
2017.04.03 18:22:19.440,1.38357,1.38372,1.00,1.00
2017.04.03 18:22:19.745,1.38359,1.38374,1.00,2.25
2017.04.03 18:22:20.150,1.38361,1.38376,1.00,1.50
2017.04.03 18:22:20.353,1.38358,1.38375,3.00,1.12
2017.04.03 18:22:20.582,1.38362,1.38375,1.00,1.00
2017.04.03 18:22:20.786,1.38358,1.38376,1.12,2.25
2017.04.03 18:22:20.838,1.38358,1.38374,1.00,1.00
2017.04.03 18:22:21.144,1.38356,1.38371,1.00,1.12
2017.04.03 18:22:21.353,1.38354,1.38372,2.62,2.62
2017.04.03 18:22:21.455,1.38353,1.3837,1.12,2.62
2017.04.03 18:22:21.782,1.3836,1.38373,1.00,1.12
2017.04.03 18:22:21.884,1.3836,1.38375,1.00,1.00
2017.04.03 18:22:21.986,1.38358,1.38373,1.12,1.00
2017.04.03 18:22:22.290,1.38359,1.38375,1.12,2.62
2017.04.03 18:22:22.544,1.38357,1.38375,1.12,1.87
2017.04.03 18:22:22.646,1.38357,1.38374,1.00,4.12
2017.04.03 18:22:23.115,1.38357,1.38375,1.31,2.62
2017.04.03 18:22:23.218,1.38356,1.38374,2.44,3.00
2017.04.03 18:22:23.574,1.38359,1.38375,1.00,2.25
2017.04.03 18:22:23.626,1.38356,1.38372,1.00,1.50
2017.04.03 18:22:23.677,1.38355,1.38368,1.37,1.50
2017.04.03 18:22:23.933,1.38354,1.38369,1.00,1.37
2017.04.03 18:22:24.673,1.38357,1.38369,1.00,1.37
2017.04.03 18:22:24.984,1.3836,1.38369,1.00,1.00
2017.04.03 18:22:25.035,1.38358,1.38372,1.00,1.12
2017.04.03 18:22:25.086,1.3836,1.38372,1.00,1.87
2017.04.03 18:22:25.137,1.3836,1.38372,1.00,3.00
2017.04.03 18:22:25.441,1.38362,1.38373,1.00,1.00
2017.04.03 18:22:30.362,1.38363,1.38374,1.00,1.87
2017.04.03 18:22:32.276,1.38358,1.38373,1.00,1.12
2017.04.03 18:22:32.328,1.38358,1.38371,1.00,1.50
2017.04.03 18:22:32.634,1.38357,1.38367,1.00,1.00
2017.04.03 18:22:32.954,1.38359,1.38369,1.00,1.12
2017.04.03 18:22:33.499,1.38359,1.38367,1.00,1.00
2017.04.03 18:22:33.803,1.38357,1.38368,1.00,1.00
2017.04.03 18:22:34.310,1.38357,1.38367,1.00,1.00
2017.04.03 18:22:34.859,1.38358,1.38368,1.00,1.37
2017.04.03 18:22:35.372,1.38359,1.38367,1.00,1.00
2017.04.03 18:22:35.423,1.38362,1.38369,1.00,1.12
2017.04.03 18:22:35.677,1.38366,1.38376,1.00,1.12
2017.04.03 18:22:36.282,1.38365,1.38376,1.00,1.37
2017.04.03 18:22:36.574,1.38364,1.38374,1.00,1.12
2017.04.03 18:22:38.502,1.38361,1.38374,1.00,3.00
2017.04.03 18:22:38.554,1.38359,1.38369,1.00,1.87
2017.04.03 18:22:38.605,1.38355,1.38368,1.12,1.75
2017.04.03 18:22:38.771,1.38358,1.38367,1.00,1.87
2017.04.03 18:22:39.354,1.38358,1.38368,1.00,1.12
2017.04.03 18:22:40.221,1.38355,1.38367,1.00,2.62
2017.04.03 18:22:40.272,1.38354,1.38366,1.50,2.50
2017.04.03 18:22:40.599,1.38352,1.38364,1.00,2.25
2017.04.03 18:22:42.655,1.38349,1.38361,1.00,1.00
2017.04.03 18:22:42.757,1.38351,1.38361,1.00,1.37
2017.04.03 18:22:42.960,1.38353,1.38365,1.00,1.12
2017.04.03 18:22:43.877,1.38354,1.38365,1.00,1.31
2017.04.03 18:22:44.409,1.38355,1.38366,1.00,1.56
2017.04.03 18:22:44.662,1.38353,1.38366,1.00,1.56
2017.04.03 18:22:45.069,1.38353,1.38366,1.00,2.06
2017.04.03 18:22:45.221,1.38355,1.38365,1.00,1.00
2017.04.03 18:22:45.829,1.38359,1.38367,1.00,1.12
2017.04.03 18:22:46.025,1.38361,1.38369,1.00,1.25
2017.04.03 18:22:47.622,1.38357,1.3837,1.00,2.06
2017.04.03 18:22:47.673,1.38352,1.38365,1.37,1.25
2017.04.03 18:22:47.775,1.38351,1.38366,1.12,1.19
2017.04.03 18:22:48.354,1.3835,1.38364,1.50,1.00
2017.04.03 18:22:49.056,1.38351,1.38366,1.00,1.19
2017.04.03 18:22:49.260,1.3835,1.38364,1.12,1.69
2017.04.03 18:22:49.311,1.3835,1.38364,1.12,1.69
2017.04.03 18:22:49.943,1.3835,1.38364,1.69,1.00
2017.04.03 18:22:50.095,1.3835,1.38366,1.69,1.00
2017.04.03 18:22:50.196,1.38351,1.38366,1.37,1.00
2017.04.03 18:22:50.501,1.38347,1.38362,1.50,1.00
2017.04.03 18:22:51.097,1.38348,1.38364,2.81,1.37
2017.04.03 18:22:51.402,1.38347,1.38361,1.87,1.00
2017.04.03 18:22:51.757,1.38346,1.38358,1.12,1.00
2017.04.03 18:22:52.011,1.38341,1.38354,1.31,1.00
2017.04.03 18:22:52.113,1.38338,1.38352,2.06,1.00
2017.04.03 18:22:52.266,1.38338,1.38352,1.19,1.12
2017.04.03 18:22:52.516,1.38337,1.3835,1.69,1.00
2017.04.03 18:22:52.567,1.38337,1.38352,1.69,1.95
2017.04.03 18:22:53.419,1.38337,1.38351,1.62,1.00
2017.04.03 18:22:53.975,1.38337,1.3835,1.31,1.00
2017.04.03 18:22:54.540,1.38338,1.3835,1.00,1.00
2017.04.03 18:22:54.717,1.38338,1.38352,1.00,1.87
2017.04.03 18:22:56.011,1.38337,1.38353,2.44,2.32
2017.04.03 18:22:56.062,1.38337,1.38353,2.44,1.57
2017.04.03 18:22:56.709,1.38342,1.38354,1.12,1.12
2017.04.03 18:22:56.882,1.38342,1.38357,1.50,1.12
2017.04.03 18:22:57.537,1.38342,1.38358,1.87,1.87
2017.04.03 18:22:58.577,1.38343,1.38358,1.00,1.87
2017.04.03 18:22:58.795,1.38343,1.38358,1.00,1.37
2017.04.03 18:22:59.141,1.38345,1.38359,1.50,1.69
2017.04.03 18:22:59.657,1.38345,1.38359,1.00,1.31
2017.04.03 18:23:00.280,1.38346,1.38359,1.00,1.31
2017.04.03 18:23:00.332,1.38346,1.38359,1.00,1.12
2017.04.03 18:23:00.384,1.38343,1.38359,1.00,1.12
2017.04.03 18:23:00.485,1.38342,1.38351,1.12,1.00
2017.04.03 18:23:00.816,1.38333,1.38348,1.00,1.00
2017.04.03 18:23:01.170,1.38337,1.38349,1.00,1.03
2017.04.03 18:23:01.427,1.38342,1.38357,1.12,1.12
2017.04.03 18:23:01.478,1.38342,1.38353,1.00,1.00
2017.04.03 18:23:01.529,1.38339,1.38353,2.81,1.12
2017.04.03 18:23:02.065,1.38339,1.38354,1.31,2.62
2017.04.03 18:23:02.730,1.38338,1.38353,2.06,1.37
2017.04.03 18:23:04.473,1.38337,1.38351,1.31,1.00
2017.04.03 18:23:04.524,1.38338,1.38347,1.19,1.00
2017.04.03 18:23:04.626,1.38336,1.38349,1.12,1.00
2017.04.03 18:23:06.165,1.38334,1.38349,1.12,1.87
2017.04.03 18:23:06.271,1.38336,1.38347,1.19,1.87
2017.04.03 18:23:06.474,1.38335,1.38346,1.12,1.00
2017.04.03 18:23:06.677,1.38331,1.38345,1.00,1.37
2017.04.03 18:23:06.780,1.38328,1.38339,1.37,1.00
2017.04.03 18:23:06.948,1.38325,1.38339,3.19,1.00
2017.04.03 18:23:07.154,1.38327,1.38341,1.50,1.12
2017.04.03 18:23:07.408,1.38329,1.38343,1.00,1.40
2017.04.03 18:23:07.613,1.38332,1.38346,1.00,1.50
2017.04.03 18:23:07.918,1.3833,1.38346,1.12,1.00
2017.04.03 18:23:08.303,1.38332,1.38346,1.00,1.50
2017.04.03 18:23:08.758,1.38329,1.38346,1.50,1.50
2017.04.03 18:23:08.809,1.38328,1.3834,1.12,1.00
2017.04.03 18:23:09.264,1.38329,1.38333,1.00,1.00
2017.04.03 18:23:09.315,1.38326,1.38335,1.12,1.00
2017.04.03 18:23:09.366,1.38324,1.38333,1.00,1.00
2017.04.03 18:23:09.467,1.38317,1.38333,2.25,1.00
2017.04.03 18:23:10.502,1.38316,1.38331,1.12,1.00
2017.04.03 18:23:10.553,1.38314,1.3833,1.75,1.00
2017.04.03 18:23:10.604,1.38314,1.38325,1.12,1.00
2017.04.03 18:23:10.655,1.38312,1.38325,1.50,1.00
2017.04.03 18:23:10.706,1.38311,1.38322,1.37,1.00
2017.04.03 18:23:10.757,1.38306,1.38322,1.75,1.00
2017.04.03 18:23:10.858,1.38306,1.38322,1.12,1.00
2017.04.03 18:23:11.061,1.38307,1.38324,1.50,1.00
2017.04.03 18:23:11.213,1.38307,1.38323,1.00,3.75
2017.04.03 18:23:11.755,1.38306,1.38322,3.37,1.00
2017.04.03 18:23:12.059,1.3831,1.38327,1.00,1.37
2017.04.03 18:23:12.378,1.38312,1.38327,1.00,1.37
2017.04.03 18:23:12.884,1.38312,1.38328,1.00,2.62
2017.04.03 18:23:13.333,1.38314,1.38328,1.00,2.25
2017.04.03 18:23:13.856,1.38314,1.38328,1.00,1.87
2017.04.03 18:23:13.958,1.38311,1.38328,1.00,1.87
2017.04.03 18:23:14.216,1.38311,1.38326,1.00,1.37
2017.04.03 18:23:14.267,1.38309,1.38325,1.00,1.00
2017.04.03 18:23:14.785,1.38309,1.38324,1.00,1.00
2017.04.03 18:23:15.119,1.38311,1.38324,1.00,1.00
2017.04.03 18:23:15.220,1.38308,1.38324,1.00,1.00
2017.04.03 18:23:15.425,1.3831,1.38324,1.00,1.00
2017.04.03 18:23:15.729,1.38316,1.38333,1.50,1.50
2017.04.03 18:23:16.246,1.38315,1.38333,2.62,1.50
2017.04.03 18:23:16.565,1.38317,1.38333,1.00,1.12
2017.04.03 18:23:16.616,1.38319,1.38334,1.00,1.50
2017.04.03 18:23:16.829,1.38321,1.38334,1.00,1.00
2017.04.03 18:23:16.931,1.38319,1.38334,1.50,1.17
2017.04.03 18:23:17.446,1.38317,1.38333,1.50,1.87
2017.04.03 18:23:18.027,1.38318,1.38333,1.00,1.37
2017.04.03 18:23:18.394,1.38317,1.3833,1.00,1.00
2017.04.03 18:23:18.496,1.38313,1.38327,2.25,1.00
2017.04.03 18:23:18.870,1.38309,1.38327,2.62,1.00
2017.04.03 18:23:18.971,1.3831,1.38326,1.00,1.50
2017.04.03 18:23:19.277,1.38315,1.38328,1.00,3.00
2017.04.03 18:23:20.393,1.38316,1.38327,1.00,1.37
2017.04.03 18:23:21.840,1.38313,1.38325,1.00,1.87
2017.04.03 18:23:21.892,1.38313,1.38324,1.00,1.00
2017.04.03 18:23:21.945,1.38309,1.38323,1.00,1.87
2017.04.03 18:23:22.250,1.38316,1.38324,1.00,1.87
2017.04.03 18:23:22.301,1.38316,1.38324,1.00,1.00
2017.04.03 18:23:22.352,1.38316,1.38327,1.00,1.50
2017.04.03 18:23:22.886,1.38316,1.38328,1.00,1.12
2017.04.03 18:23:24.149,1.38318,1.3833,1.00,1.77
2017.04.03 18:23:24.200,1.38316,1.3833,1.00,1.77
2017.04.03 18:23:24.714,1.38315,1.3833,1.00,1.87
2017.04.03 18:23:25.134,1.38317,1.3833,1.00,1.87
2017.04.03 18:23:25.185,1.38315,1.38329,1.00,1.90
2017.04.03 18:23:25.557,1.38314,1.38328,1.00,2.06
2017.04.03 18:23:25.659,1.38314,1.38328,1.00,1.50
2017.04.03 18:23:25.760,1.38314,1.38328,1.00,2.06
2017.04.03 18:23:25.823,1.3831,1.38326,3.00,1.31
2017.04.03 18:23:25.875,1.3831,1.38319,1.00,1.19
2017.04.03 18:23:26.029,1.38306,1.38321,1.00,1.50
2017.04.03 18:23:26.539,1.38306,1.38319,1.00,1.31
2017.04.03 18:23:26.691,1.38304,1.38319,1.00,2.81
2017.04.03 18:23:26.869,1.38305,1.38319,1.50,1.31
2017.04.03 18:23:27.173,1.38314,1.38327,1.00,1.69
2017.04.03 18:23:27.713,1.38313,1.38327,1.00,1.69
2017.04.03 18:23:27.764,1.38313,1.38327,1.00,1.12
2017.04.03 18:23:28.549,1.38316,1.38327,1.00,1.12
2017.04.03 18:23:28.864,1.38317,1.38331,1.50,1.37
2017.04.03 18:23:29.472,1.38318,1.38331,1.00,1.04
2017.04.03 18:23:29.523,1.3832,1.38331,1.00,1.04
2017.04.03 18:23:29.676,1.3832,1.38335,1.00,1.87
2017.04.03 18:23:30.182,1.38321,1.38335,1.00,1.50
2017.04.03 18:23:30.233,1.38323,1.38335,1.00,1.12
2017.04.03 18:23:30.622,1.38321,1.38332,1.00,1.04
2017.04.03 18:23:30.875,1.38323,1.38334,1.00,1.37
2017.04.03 18:23:31.028,1.38321,1.38334,1.00,1.50
2017.04.03 18:23:31.548,1.38322,1.38336,1.00,1.50
2017.04.03 18:23:32.092,1.38321,1.38335,1.00,1.87
2017.04.03 18:23:33.332,1.38317,1.38331,1.50,1.37
2017.04.03 18:23:33.383,1.38317,1.38331,2.25,1.00
2017.04.03 18:23:33.485,1.38319,1.38331,1.00,2.62
2017.04.03 18:23:33.587,1.38316,1.3833,1.00,1.50
2017.04.03 18:23:33.890,1.38314,1.38329,1.00,1.37
2017.04.03 18:23:34.478,1.38316,1.3833,1.00,2.17
2017.04.03 18:23:34.580,1.38312,1.38328,1.50,3.37
2017.04.03 18:23:34.986,1.38314,1.38326,1.00,1.50
2017.04.03 18:23:35.296,1.38318,1.38328,1.00,1.87
2017.04.03 18:23:35.448,1.38319,1.38328,1.00,1.12
2017.04.03 18:23:35.550,1.38319,1.38331,1.00,1.00
2017.04.03 18:23:35.827,1.38321,1.38331,1.00,1.00
2017.04.03 18:23:37.100,1.38322,1.38331,1.00,1.00
2017.04.03 18:23:37.303,1.38323,1.38337,1.00,2.25
2017.04.03 18:23:37.455,1.38321,1.38337,1.00,2.25
2017.04.03 18:23:37.877,1.38321,1.38334,1.00,1.87
2017.04.03 18:23:39.114,1.38322,1.38334,1.00,1.87
2017.04.03 18:23:39.906,1.38323,1.38332,1.00,1.37
2017.04.03 18:23:40.109,1.38325,1.38336,1.00,1.12
2017.04.03 18:23:40.515,1.38325,1.38339,1.00,1.12
2017.04.03 18:23:41.023,1.38325,1.38339,1.00,1.50
2017.04.03 18:23:41.544,1.38326,1.38339,1.00,1.50
2017.04.03 18:23:41.797,1.38319,1.38332,2.25,1.37
2017.04.03 18:23:42.102,1.38323,1.38336,1.00,1.75
2017.04.03 18:23:42.408,1.38332,1.38343,1.00,1.50
2017.04.03 18:23:42.510,1.38332,1.38344,1.00,1.12
2017.04.03 18:23:43.635,1.38332,1.38345,1.00,1.00
2017.04.03 18:23:43.990,1.38334,1.38345,1.00,1.00
2017.04.03 18:23:44.533,1.38334,1.38348,1.00,2.54
2017.04.03 18:23:45.289,1.38334,1.38348,1.00,2.54
2017.04.03 18:23:46.227,1.38334,1.38348,1.00,3.00
2017.04.03 18:23:46.534,1.38331,1.38346,1.00,1.37
2017.04.03 18:23:47.084,1.38332,1.38346,1.00,1.12
2017.04.03 18:23:47.629,1.38332,1.38346,1.00,1.37
2017.04.03 18:23:48.201,1.38332,1.38346,1.00,1.12
2017.04.03 18:23:49.213,1.38333,1.38346,1.00,1.12
2017.04.03 18:23:50.051,1.38334,1.38346,1.00,1.12
2017.04.03 18:23:54.223,1.38334,1.38347,1.00,3.56
2017.04.03 18:23:54.725,1.38334,1.38348,1.00,3.94
2017.04.03 18:23:55.185,1.38332,1.38345,1.00,1.31
2017.04.03 18:23:55.691,1.38333,1.38345,1.00,2.44
2017.04.03 18:23:56.373,1.3833,1.38344,1.00,5.06
2017.04.03 18:23:57.266,1.38329,1.38343,1.00,5.81
2017.04.03 18:23:57.317,1.38325,1.3834,1.50,2.44
2017.04.03 18:23:57.369,1.38326,1.38338,1.00,1.87
2017.04.03 18:23:57.420,1.38326,1.38338,1.00,1.69
2017.04.03 18:23:57.523,1.38329,1.38339,1.00,1.50
2017.04.03 18:23:57.726,1.38334,1.38344,1.00,2.06
2017.04.03 18:23:57.980,1.38336,1.38346,1.00,1.37
2017.04.03 18:23:58.510,1.38336,1.38348,1.00,2.62
2017.04.03 18:23:58.959,1.38334,1.38348,1.00,3.75
2017.04.03 18:23:59.509,1.38335,1.38347,1.00,1.56
2017.04.03 18:24:00.955,1.38332,1.38345,1.00,1.00
2017.04.03 18:24:01.107,1.38334,1.38347,1.00,1.56
2017.04.03 18:24:01.637,1.38333,1.38348,1.00,3.19
2017.04.03 18:24:04.026,1.38332,1.38344,1.00,1.00
2017.04.03 18:24:04.229,1.38326,1.3834,1.12,1.19
2017.04.03 18:24:04.280,1.38322,1.38336,1.87,2.62
2017.04.03 18:24:04.332,1.38322,1.38334,1.12,1.50
2017.04.03 18:24:04.422,1.3832,1.38333,1.00,3.19
2017.04.03 18:24:04.928,1.38321,1.38335,1.00,1.56
2017.04.03 18:24:05.330,1.38323,1.38335,1.00,1.56
2017.04.03 18:24:05.431,1.3832,1.38335,1.00,1.69
2017.04.03 18:24:06.047,1.38322,1.38335,1.00,1.50
2017.04.03 18:24:06.199,1.38322,1.38335,1.00,1.37
2017.04.03 18:24:06.554,1.38322,1.38335,1.00,1.50
2017.04.03 18:24:06.656,1.3832,1.38335,1.00,1.50
2017.04.03 18:24:07.613,1.38321,1.38335,1.00,1.50
2017.04.03 18:24:09.325,1.38323,1.38335,1.00,1.87
2017.04.03 18:24:09.858,1.38322,1.38335,1.00,1.37
2017.04.03 18:24:10.164,1.38321,1.38335,1.00,3.75
2017.04.03 18:24:10.350,1.38319,1.38331,1.00,1.00
2017.04.03 18:24:10.451,1.38318,1.38332,1.00,1.50
