2007.08.29 17:00:00.201,2.326,2.32635,0.80,4.00
2007.08.29 17:00:00.716,2.3258,2.3264,4.70,13.10
2007.08.29 17:00:01.787,2.3258,2.3264,4.70,15.50
2007.08.29 17:00:01.875,2.326,2.32635,0.70,4.00
2007.08.29 17:00:02.128,2.3257,2.3263,6.70,2.40
2007.08.29 17:00:02.233,2.32565,2.3262,5.20,2.30
2007.08.29 17:00:03.119,2.3256,2.3262,17.90,4.70
2007.08.29 17:00:03.278,2.3257,2.3262,2.60,6.70
2007.08.29 17:00:03.576,2.3256,2.3262,14.70,9.10
2007.08.29 17:00:04.209,2.3257,2.3262,4.40,6.70
2007.08.29 17:00:04.697,2.3258,2.3262,2.40,4.30
2007.08.29 17:00:04.732,2.3258,2.3262,4.40,2.30
2007.08.29 17:00:05.207,2.3258,2.3262,2.40,4.30
2007.08.29 17:00:05.316,2.3258,2.3262,2.40,6.70
2007.08.29 17:00:06.032,2.3258,2.3262,2.40,4.30
2007.08.29 17:00:06.156,2.3258,2.3262,2.40,2.30
2007.08.29 17:00:06.272,2.3259,2.3262,2.40,2.30
2007.08.29 17:00:08.087,2.3259,2.3262,2.40,4.70
2007.08.29 17:00:08.236,2.3258,2.3262,2.40,6.70
2007.08.29 17:00:08.594,2.3258,2.3262,2.40,4.30
2007.08.29 17:00:08.766,2.3258,2.3262,2.40,2.30
2007.08.29 17:00:09.595,2.3257,2.3261,4.40,2.30
2007.08.29 17:00:09.802,2.3257,2.3261,2.40,4.30
2007.08.29 17:00:09.829,2.3257,2.3261,3.20,4.30
2007.08.29 17:00:10.028,2.3257,2.3261,2.40,4.30
2007.08.29 17:00:10.221,2.3257,2.3261,2.40,2.00
2007.08.29 17:00:10.323,2.3261,2.3262,2.00,8.00
2007.08.29 17:00:10.396,2.3261,2.3262,2.00,5.60
2007.08.29 17:00:10.430,2.3261,2.3262,2.00,4.00
2007.08.29 17:00:10.466,2.3261,2.3264,2.00,10.30
2007.08.29 17:00:10.634,2.3261,2.3264,2.00,4.70
2007.08.29 17:00:10.713,2.3261,2.32635,2.00,0.80
2007.08.29 17:00:10.732,2.326,2.32635,6.00,0.80
2007.08.29 17:00:11.085,2.326,2.3264,6.00,4.70
2007.08.29 17:00:11.215,2.3261,2.3264,2.00,2.30
2007.08.29 17:00:13.713,2.326,2.3264,4.00,2.30
2007.08.29 17:00:14.445,2.3259,2.3264,2.00,2.30
2007.08.29 17:00:17.215,2.3259,2.3264,4.40,2.30
2007.08.29 17:00:17.310,2.3259,2.3264,2.00,2.30
2007.08.29 17:00:21.775,2.3259,2.3262,2.00,2.30
2007.08.29 17:00:22.287,2.3259,2.3264,2.00,9.90
2007.08.29 17:00:22.408,2.3259,2.3264,2.00,7.90
2007.08.29 17:00:22.719,2.3259,2.3264,2.00,6.30
2007.08.29 17:00:23.303,2.326,2.3264,2.40,6.30
2007.08.29 17:00:23.396,2.3261,2.3264,2.00,6.30
2007.08.29 17:00:23.427,2.3261,2.3264,2.00,2.30
2007.08.29 17:00:24.225,2.3259,2.3264,8.40,2.30
2007.08.29 17:00:24.341,2.3259,2.3264,6.80,2.30
2007.08.29 17:00:24.368,2.3259,2.3264,6.40,2.30
2007.08.29 17:00:24.556,2.3259,2.3264,6.00,2.30
2007.08.29 17:00:24.646,2.3259,2.3264,2.00,2.30
2007.08.29 17:00:25.261,2.3259,2.3264,2.80,2.30
2007.08.29 17:00:25.273,2.3259,2.3264,3.60,2.30
2007.08.29 17:00:25.411,2.3259,2.3264,4.40,2.30
2007.08.29 17:00:25.684,2.326,2.3264,2.40,2.30
2007.08.29 17:00:25.795,2.3261,2.3264,2.00,2.30
2007.08.29 17:00:26.210,2.3261,2.3264,4.40,2.30
2007.08.29 17:00:26.266,2.3261,2.3264,4.40,0.80
2007.08.29 17:00:26.313,2.3261,2.3264,2.00,0.50
2007.08.29 17:00:27.144,2.3261,2.3266,4.40,13.80
2007.08.29 17:00:27.253,2.3261,2.3264,2.00,0.50
2007.08.29 17:00:27.670,2.3261,2.32665,6.00,11.50
2007.08.29 17:00:28.211,2.3261,2.3266,8.40,0.60
2007.08.29 17:00:28.299,2.3262,2.32665,2.30,6.00
2007.08.29 17:00:28.408,2.3262,2.32665,4.70,6.00
2007.08.29 17:00:28.615,2.3263,2.3268,2.00,0.80
2007.08.29 17:00:28.662,2.3263,2.3268,2.00,0.50
2007.08.29 17:00:28.823,2.3263,2.3269,2.00,24.60
2007.08.29 17:00:30.742,2.3263,2.3268,2.00,0.50
2007.08.29 17:00:30.855,2.3263,2.3269,2.00,23.80
2007.08.29 17:00:30.869,2.3263,2.3269,2.00,23.00
2007.08.29 17:00:31.276,2.3262,2.3268,2.30,0.70
2007.08.29 17:00:31.481,2.3262,2.32685,2.30,9.10
2007.08.29 17:00:31.929,2.3262,2.32685,2.30,13.10
2007.08.29 17:00:32.085,2.3262,2.3268,2.30,0.70
2007.08.29 17:00:32.108,2.3261,2.3268,11.60,20.20
2007.08.29 17:00:32.206,2.3261,2.3267,10.00,6.70
2007.08.29 17:00:32.313,2.3261,2.3266,7.60,0.70
2007.08.29 17:00:36.747,2.3263,2.3266,2.00,0.60
2007.08.29 17:00:37.160,2.3263,2.32675,2.00,3.20
2007.08.29 17:00:37.368,2.3263,2.3268,2.00,8.30
2007.08.29 17:00:37.578,2.3263,2.3268,2.00,0.90
2007.08.29 17:00:38.293,2.3264,2.3268,2.00,0.80
2007.08.29 17:00:39.239,2.3264,2.32695,2.00,11.90
2007.08.29 17:00:39.337,2.3265,2.32695,2.00,9.90
2007.08.29 17:00:39.739,2.3263,2.327,10.80,19.80
2007.08.29 17:00:39.806,2.3263,2.3269,9.60,0.90
2007.08.29 17:00:39.878,2.3263,2.3269,12.30,0.60
2007.08.29 17:00:40.162,2.3265,2.327,2.00,15.80
2007.08.29 17:00:40.684,2.3263,2.3269,13.70,3.50
2007.08.29 17:00:40.780,2.3263,2.3269,13.20,3.50
2007.08.29 17:00:40.897,2.3263,2.3268,11.60,0.50
2007.08.29 17:00:41.033,2.3263,2.3268,11.20,0.90
2007.08.29 17:00:41.047,2.3263,2.3268,6.70,0.50
2007.08.29 17:00:42.111,2.3264,2.3268,2.40,0.70
2007.08.29 17:00:42.184,2.3264,2.3269,2.40,0.60
2007.08.29 17:00:45.827,2.3264,2.327,6.70,0.70
2007.08.29 17:00:46.164,2.3264,2.3271,12.30,15.00
2007.08.29 17:00:46.235,2.3264,2.327,12.30,0.80
2007.08.29 17:00:46.675,2.3264,2.3271,16.30,7.90
2007.08.29 17:00:47.389,2.3264,2.3269,13.90,0.50
2007.08.29 17:00:47.892,2.3265,2.3269,1.60,0.70
2007.08.29 17:00:48.081,2.3265,2.3269,5.60,0.50
2007.08.29 17:00:48.728,2.3264,2.327,5.60,10.20
2007.08.29 17:00:49.237,2.3264,2.327,4.00,4.70
2007.08.29 17:00:49.635,2.32635,2.327,4.00,4.70
2007.08.29 17:00:49.755,2.3264,2.3269,4.00,0.90
2007.08.29 17:00:49.762,2.3264,2.327,5.60,10.20
2007.08.29 17:00:50.181,2.3266,2.327,2.40,7.80
2007.08.29 17:00:50.280,2.3265,2.32715,8.30,9.50
2007.08.29 17:00:50.341,2.3265,2.32715,12.30,5.50
2007.08.29 17:00:50.694,2.3266,2.32715,4.40,3.10
2007.08.29 17:00:52.272,2.3267,2.3272,2.00,0.60
2007.08.29 17:00:52.321,2.3267,2.3272,2.00,0.70
2007.08.29 17:00:52.359,2.3267,2.3272,2.00,0.70
2007.08.29 17:00:55.218,2.3268,2.3273,2.40,7.90
2007.08.29 17:00:55.338,2.3268,2.3273,2.40,6.30
2007.08.29 17:00:55.409,2.3268,2.3273,2.40,2.30
2007.08.29 17:00:57.264,2.3268,2.3272,2.40,2.40
2007.08.29 17:00:57.284,2.3268,2.3271,2.40,2.30
2007.08.29 17:00:57.668,2.3268,2.327,2.40,2.40
2007.08.29 17:00:57.705,2.3268,2.327,2.40,4.70
2007.08.29 17:00:57.782,2.3268,2.327,2.40,2.30
2007.08.29 17:00:57.813,2.32665,2.3271,4.00,2.30
2007.08.29 17:00:58.262,2.3265,2.3271,7.50,2.30
2007.08.29 17:01:00.169,2.3265,2.3271,7.50,4.70
2007.08.29 17:01:00.194,2.3265,2.327,2.80,2.30
2007.08.29 17:01:00.280,2.3265,2.327,2.00,2.30
2007.08.29 17:01:00.300,2.32645,2.327,4.80,2.30
2007.08.29 17:01:00.410,2.3264,2.327,16.30,2.30
2007.08.29 17:01:00.710,2.3264,2.327,10.30,2.30
2007.08.29 17:01:00.927,2.3264,2.327,8.70,2.30
2007.08.29 17:01:00.949,2.3264,2.327,4.70,2.30
2007.08.29 17:01:01.231,2.3264,2.327,2.30,2.30
2007.08.29 17:01:01.751,2.3264,2.327,2.30,6.30
2007.08.29 17:01:01.887,2.3264,2.327,2.30,7.90
2007.08.29 17:01:02.078,2.3264,2.327,2.30,6.30
2007.08.29 17:01:02.121,2.3264,2.327,2.30,8.70
2007.08.29 17:01:02.228,2.3264,2.327,2.30,11.10
2007.08.29 17:01:02.292,2.3263,2.3268,10.80,2.30
2007.08.29 17:01:02.378,2.3263,2.3268,14.80,2.30
2007.08.29 17:01:02.417,2.3263,2.3268,18.70,2.30
2007.08.29 17:01:02.514,2.3263,2.3268,17.10,2.30
2007.08.29 17:01:02.718,2.3263,2.3268,13.10,2.30
2007.08.29 17:01:02.739,2.3263,2.3268,6.70,4.70
2007.08.29 17:01:02.842,2.3263,2.3268,2.80,4.70
2007.08.29 17:01:02.899,2.3263,2.3268,4.40,4.70
2007.08.29 17:01:02.972,2.3263,2.3268,4.90,4.70
2007.08.29 17:01:03.207,2.3263,2.3268,4.70,4.70
2007.08.29 17:01:03.282,2.3263,2.3268,12.20,2.00
2007.08.29 17:01:03.371,2.3263,2.3269,18.20,6.30
2007.08.29 17:01:03.385,2.3263,2.3269,18.70,6.30
2007.08.29 17:01:03.493,2.3263,2.3269,18.70,4.70
2007.08.29 17:01:03.806,2.3263,2.3269,18.70,8.70
2007.08.29 17:01:04.012,2.3263,2.3269,18.70,4.70
2007.08.29 17:01:04.780,2.3265,2.32695,4.70,4.00
2007.08.29 17:01:04.898,2.3265,2.3269,2.40,4.00
2007.08.29 17:01:05.000,2.3265,2.3269,2.00,5.60
2007.08.29 17:01:05.018,2.3265,2.3269,2.40,5.60
2007.08.29 17:01:05.113,2.3265,2.3269,2.40,4.00
2007.08.29 17:01:05.154,2.3265,2.327,4.40,6.30
2007.08.29 17:01:05.240,2.3265,2.327,4.40,5.50
2007.08.29 17:01:05.343,2.3265,2.327,6.80,5.10
2007.08.29 17:01:05.439,2.3265,2.327,6.80,4.30
2007.08.29 17:01:05.636,2.3265,2.327,4.40,4.30
2007.08.29 17:01:05.738,2.3265,2.327,4.40,2.30
2007.08.29 17:01:06.210,2.3265,2.3269,4.40,2.30
2007.08.29 17:01:06.319,2.3265,2.3269,2.40,2.30
2007.08.29 17:01:07.265,2.3265,2.327,2.40,4.30
2007.08.29 17:01:07.379,2.3266,2.327,2.00,2.30
2007.08.29 17:01:07.715,2.3264,2.327,14.70,6.70
2007.08.29 17:01:07.804,2.3264,2.327,9.90,6.70
2007.08.29 17:01:07.815,2.3264,2.327,7.90,6.70
2007.08.29 17:01:08.032,2.3264,2.327,8.30,6.70
2007.08.29 17:01:08.051,2.3264,2.327,7.90,6.70
2007.08.29 17:01:08.127,2.3264,2.327,7.90,9.10
2007.08.29 17:01:08.235,2.3264,2.327,6.70,9.10
2007.08.29 17:01:08.251,2.3263,2.3269,12.70,2.30
2007.08.29 17:01:08.348,2.3263,2.3269,11.10,2.30
2007.08.29 17:01:08.371,2.3263,2.3269,6.30,2.30
2007.08.29 17:01:08.771,2.3263,2.3268,3.20,2.30
2007.08.29 17:01:08.879,2.3263,2.3268,2.40,2.30
2007.08.29 17:01:09.205,2.3262,2.3268,5.60,2.30
2007.08.29 17:01:09.408,2.3262,2.3268,4.00,2.30
2007.08.29 17:01:09.910,2.3262,2.3268,4.00,6.30
2007.08.29 17:01:09.946,2.3262,2.3268,4.00,7.90
2007.08.29 17:01:10.364,2.3262,2.3267,4.00,2.30
2007.08.29 17:01:12.191,2.3263,2.3268,4.70,5.60
2007.08.29 17:01:12.298,2.3263,2.3268,6.70,4.00
2007.08.29 17:01:12.316,2.3263,2.3269,6.70,17.10
2007.08.29 17:01:12.372,2.3263,2.3269,6.70,14.70
2007.08.29 17:01:13.056,2.3263,2.3269,7.50,14.70
2007.08.29 17:01:13.185,2.3263,2.3269,7.50,12.30
2007.08.29 17:01:13.263,2.3265,2.3269,2.00,6.40
2007.08.29 17:01:13.380,2.3265,2.3269,2.00,2.40
2007.08.29 17:01:13.410,2.3265,2.327,2.00,13.90
2007.08.29 17:01:13.687,2.3265,2.327,2.00,12.30
2007.08.29 17:01:13.722,2.3265,2.327,2.00,13.10
2007.08.29 17:01:13.851,2.3265,2.327,2.00,9.10
2007.08.29 17:01:14.158,2.3265,2.327,2.00,11.50
2007.08.29 17:01:14.244,2.3264,2.327,2.30,11.50
2007.08.29 17:01:14.461,2.3264,2.327,2.30,13.10
2007.08.29 17:01:14.636,2.3264,2.327,2.30,17.10
2007.08.29 17:01:14.729,2.3264,2.327,2.30,13.90
2007.08.29 17:01:14.789,2.3264,2.327,8.70,13.10
2007.08.29 17:01:14.837,2.3264,2.327,8.70,15.50
2007.08.29 17:01:14.874,2.3265,2.327,2.00,13.90
2007.08.29 17:01:15.038,2.3265,2.327,2.00,9.10
2007.08.29 17:01:15.142,2.3265,2.327,2.00,6.70
2007.08.29 17:01:15.308,2.3265,2.327,4.30,2.40
2007.08.29 17:01:15.347,2.3265,2.327,4.30,4.80
2007.08.29 17:01:15.661,2.3265,2.327,4.30,2.40
2007.08.29 17:01:15.730,2.3265,2.3271,6.70,4.70
2007.08.29 17:01:15.832,2.3265,2.3271,4.30,4.70
2007.08.29 17:01:16.700,2.3265,2.3271,6.70,4.70
2007.08.29 17:01:16.794,2.3265,2.3271,4.30,4.70
2007.08.29 17:01:18.212,2.3265,2.3271,4.30,7.10
2007.08.29 17:01:18.299,2.3265,2.3269,2.00,2.30
2007.08.29 17:01:19.167,2.3264,2.3269,14.00,2.30
2007.08.29 17:01:20.756,2.3266,2.32705,4.40,4.80
2007.08.29 17:01:20.871,2.3266,2.3271,4.40,4.70
2007.08.29 17:01:20.963,2.3266,2.3271,4.40,3.10
2007.08.29 17:01:21.046,2.3267,2.3271,0.70,2.30
2007.08.29 17:01:21.316,2.3267,2.3272,2.50,12.30
2007.08.29 17:01:21.397,2.3267,2.3272,1.20,13.10
2007.08.29 17:01:21.501,2.3267,2.3272,1.80,9.10
2007.08.29 17:01:21.592,2.3266,2.3272,10.70,13.10
2007.08.29 17:01:21.611,2.3266,2.3272,10.70,11.50
2007.08.29 17:01:21.819,2.3268,2.3272,0.80,8.70
2007.08.29 17:01:21.893,2.3267,2.3272,8.40,4.70
2007.08.29 17:01:22.049,2.3268,2.3272,0.70,3.90
2007.08.29 17:01:22.372,2.3268,2.3272,0.50,3.10
2007.08.29 17:01:22.683,2.3267,2.3272,9.20,2.30
2007.08.29 17:01:25.710,2.3267,2.3271,9.20,2.40
2007.08.29 17:01:25.793,2.3266,2.327,12.40,2.30
2007.08.29 17:01:25.908,2.3266,2.327,2.00,2.30
2007.08.29 17:01:25.990,2.32655,2.327,9.10,2.30
2007.08.29 17:01:26.050,2.3265,2.327,14.40,2.30
2007.08.29 17:01:26.419,2.32645,2.327,6.40,8.70
2007.08.29 17:01:26.443,2.3265,2.3269,0.80,2.00
2007.08.29 17:01:26.638,2.3264,2.3269,6.30,2.00
2007.08.29 17:01:26.733,2.3264,2.3269,6.30,4.40
2007.08.29 17:01:26.742,2.3264,2.3268,1.60,2.30
2007.08.29 17:01:27.974,2.3262,2.3268,18.70,2.30
2007.08.29 17:01:30.738,2.3264,2.3268,1.10,2.30
2007.08.29 17:01:30.855,2.3264,2.3268,1.10,4.30
2007.08.29 17:01:31.295,2.32635,2.3269,5.50,3.90
2007.08.29 17:01:31.399,2.32635,2.32695,5.50,4.00
2007.08.29 17:01:31.575,2.32635,2.327,5.50,6.70
2007.08.29 17:01:32.118,2.32635,2.327,5.50,9.10
2007.08.29 17:01:32.149,2.32635,2.327,3.10,9.10
2007.08.29 17:01:33.424,2.3263,2.3269,18.70,2.30
2007.08.29 17:01:35.972,2.32635,2.327,3.10,9.10
2007.08.29 17:01:37.175,2.32635,2.3269,3.10,4.80
2007.08.29 17:01:37.255,2.3262,2.3268,20.30,4.70
2007.08.29 17:01:37.437,2.3262,2.3268,20.30,4.70
2007.08.29 17:01:37.562,2.3262,2.3268,20.30,4.70
2007.08.29 17:01:37.578,2.3263,2.3268,0.80,4.70
2007.08.29 17:01:38.226,2.3262,2.3268,16.30,2.30
2007.08.29 17:01:38.335,2.3262,2.3268,16.30,4.30
2007.08.29 17:01:41.301,2.3263,2.3268,0.50,6.70
2007.08.29 17:01:44.812,2.3263,2.3267,1.00,2.40
2007.08.29 17:01:44.846,2.3261,2.3266,25.70,2.40
2007.08.29 17:01:45.063,2.3261,2.3266,20.10,2.40
2007.08.29 17:01:45.380,2.3261,2.3266,1.30,2.30
2007.08.29 17:01:45.482,2.32605,2.3266,5.20,2.30
2007.08.29 17:01:45.701,2.326,2.3266,13.50,6.70
2007.08.29 17:01:45.806,2.326,2.3266,9.60,16.30
2007.08.29 17:01:45.843,2.326,2.3266,0.50,16.30
2007.08.29 17:01:46.247,2.3259,2.32655,13.60,4.00
2007.08.29 17:01:46.335,2.3259,2.32655,5.60,4.00
2007.08.29 17:01:46.781,2.3259,2.32655,9.10,4.00
2007.08.29 17:01:46.959,2.326,2.3266,2.00,14.70
2007.08.29 17:01:47.315,2.326,2.3266,1.30,10.70
2007.08.29 17:01:47.421,2.3259,2.3266,21.10,6.70
2007.08.29 17:01:47.691,2.3259,2.3265,21.10,2.40
2007.08.29 17:01:47.744,2.326,2.3264,0.60,2.30
2007.08.29 17:01:50.767,2.326,2.3262,2.40,2.30
2007.08.29 17:01:50.943,2.3259,2.3262,4.80,2.30
2007.08.29 17:01:51.200,2.3259,2.3262,2.40,2.30
2007.08.29 17:01:52.187,2.3259,2.3262,4.80,2.30
2007.08.29 17:01:52.283,2.32595,2.3262,0.80,2.30
2007.08.29 17:01:52.297,2.3261,2.3264,2.00,2.30
2007.08.29 17:01:53.041,2.3261,2.3264,2.80,2.30
2007.08.29 17:01:53.268,2.3261,2.3264,3.60,2.30
2007.08.29 17:01:53.343,2.3261,2.3264,4.40,2.30
2007.08.29 17:01:54.810,2.3261,2.3264,4.80,2.30
2007.08.29 17:01:55.653,2.3261,2.3264,2.40,4.30
2007.08.29 17:01:55.772,2.3261,2.3264,1.60,4.30
2007.08.29 17:01:55.794,2.3261,2.3262,0.80,2.30
2007.08.29 17:01:55.914,2.32595,2.3262,0.80,2.30
2007.08.29 17:01:58.127,2.3259,2.3262,5.20,2.30
2007.08.29 17:01:58.764,2.3259,2.3264,5.20,2.30
2007.08.29 17:02:01.000,2.3259,2.3264,6.00,2.30
2007.08.29 17:02:01.228,2.326,2.3264,2.40,2.30
2007.08.29 17:02:02.157,2.3259,2.3264,6.80,4.30
2007.08.29 17:02:02.274,2.3259,2.3262,6.80,2.30
2007.08.29 17:02:04.204,2.326,2.3262,2.40,2.30
2007.08.29 17:02:04.760,2.3261,2.3264,2.00,2.30
2007.08.29 17:02:05.175,2.326,2.3264,2.40,2.30
2007.08.29 17:02:05.387,2.326,2.3264,6.40,2.30
2007.08.29 17:02:05.702,2.326,2.3262,6.40,2.30
2007.08.29 17:02:05.823,2.326,2.3262,4.00,2.30
2007.08.29 17:02:06.454,2.3259,2.3262,6.00,2.30
2007.08.29 17:02:06.488,2.3259,2.3262,5.20,2.30
2007.08.29 17:02:06.689,2.3259,2.3262,4.40,2.30
2007.08.29 17:02:06.788,2.3259,2.3262,2.00,2.30
2007.08.29 17:02:09.869,2.3259,2.3262,2.00,2.20
2007.08.29 17:02:13.357,2.3259,2.3262,2.00,0.60
2007.08.29 17:02:14.292,2.3261,2.3262,2.00,0.60
2007.08.29 17:02:14.695,2.3261,2.32645,2.00,6.30
2007.08.29 17:02:16.186,2.3261,2.3264,2.00,4.70
2007.08.29 17:02:16.307,2.32595,2.3263,4.00,4.70
2007.08.29 17:02:16.435,2.3259,2.3263,3.80,4.70
2007.08.29 17:02:16.515,2.3259,2.3263,2.20,4.70
2007.08.29 17:02:16.541,2.3259,2.3262,2.00,0.50
2007.08.29 17:02:21.727,2.3259,2.32645,4.40,6.30
2007.08.29 17:02:30.773,2.3259,2.3264,2.00,0.70
2007.08.29 17:02:30.871,2.3259,2.3264,2.00,4.70
2007.08.29 17:02:31.488,2.3259,2.3263,4.40,0.80
2007.08.29 17:02:32.645,2.326,2.3264,2.00,4.70
2007.08.29 17:02:32.871,2.326,2.3264,2.00,0.60
2007.08.29 17:02:33.681,2.326,2.3264,2.00,0.80
2007.08.29 17:02:33.723,2.3261,2.3265,4.40,0.50
2007.08.29 17:02:34.354,2.3261,2.3266,4.40,6.70
2007.08.29 17:02:35.213,2.326,2.3265,9.90,0.60
2007.08.29 17:02:35.642,2.3261,2.3265,2.40,0.50
2007.08.29 17:02:35.750,2.3261,2.3266,4.40,12.20
2007.08.29 17:02:36.246,2.3261,2.3264,4.40,0.90
2007.08.29 17:02:36.270,2.3261,2.3266,4.40,10.70
2007.08.29 17:02:38.952,2.326,2.3265,10.00,0.60
2007.08.29 17:02:39.069,2.326,2.3266,8.40,6.70
2007.08.29 17:02:39.164,2.326,2.3266,4.40,6.70
2007.08.29 17:02:46.827,2.326,2.3265,4.40,2.30
2007.08.29 17:02:48.551,2.326,2.3265,2.60,2.30
2007.08.29 17:02:52.344,2.3259,2.3265,17.90,4.70
2007.08.29 17:02:52.414,2.326,2.3265,1.20,7.10
2007.08.29 17:02:52.521,2.3259,2.3265,14.70,9.10
2007.08.29 17:02:53.469,2.32585,2.3265,10.70,9.10
2007.08.29 17:02:54.383,2.3259,2.3265,1.00,11.50
2007.08.29 17:02:54.427,2.3259,2.3264,2.20,2.30
2007.08.29 17:02:54.522,2.3258,2.3264,8.70,2.30
2007.08.29 17:02:56.618,2.32575,2.3264,7.10,2.30
2007.08.29 17:03:07.410,2.3258,2.3264,4.70,2.30
2007.08.29 17:03:07.517,2.3259,2.3265,3.40,18.70
2007.08.29 17:03:07.598,2.3258,2.3265,13.80,17.10
2007.08.29 17:03:07.713,2.3259,2.3265,2.80,12.30
2007.08.29 17:03:07.740,2.3258,2.3265,17.80,11.50
2007.08.29 17:03:11.978,2.3259,2.3265,1.60,12.70
2007.08.29 17:03:12.016,2.3259,2.32645,2.80,1.60
2007.08.29 17:03:12.163,2.3259,2.3263,1.20,2.40
2007.08.29 17:03:12.283,2.3257,2.3263,21.10,6.70
2007.08.29 17:03:12.396,2.3258,2.3263,1.40,6.70
2007.08.29 17:03:13.132,2.3257,2.3263,19.40,7.50
2007.08.29 17:03:13.195,2.3258,2.3263,0.70,10.70
2007.08.29 17:03:13.229,2.3257,2.3263,6.90,10.70
2007.08.29 17:03:13.280,2.3256,2.3263,19.10,10.70
2007.08.29 17:03:13.347,2.3257,2.3263,0.90,10.70
2007.08.29 17:03:13.401,2.3257,2.3262,2.30,2.40
2007.08.29 17:03:13.461,2.3256,2.3262,12.30,7.10
2007.08.29 17:03:13.559,2.3257,2.3262,0.70,9.10
2007.08.29 17:03:16.915,2.3257,2.3262,2.00,6.70
2007.08.29 17:03:17.033,2.3257,2.3262,2.00,7.50
2007.08.29 17:03:17.135,2.3256,2.3262,2.30,10.70
2007.08.29 17:03:17.196,2.3256,2.3262,2.30,11.50
2007.08.29 17:03:31.444,2.3256,2.3262,2.30,9.10
2007.08.29 17:03:31.510,2.3256,2.3262,4.70,9.10
2007.08.29 17:03:31.605,2.3256,2.3262,6.70,9.10
2007.08.29 17:03:31.643,2.3256,2.3262,6.70,11.50
2007.08.29 17:03:33.236,2.3257,2.3262,2.00,11.50
2007.08.29 17:03:34.422,2.3257,2.3262,2.00,9.10
2007.08.29 17:03:34.517,2.3257,2.3262,6.70,4.40
2007.08.29 17:03:34.611,2.3257,2.3262,6.70,2.40
2007.08.29 17:03:34.718,2.3257,2.3262,6.70,1.60
2007.08.29 17:03:34.777,2.3257,2.3262,6.70,0.80
2007.08.29 17:03:34.932,2.3257,2.3262,4.30,0.80
2007.08.29 17:03:35.044,2.3257,2.3262,2.30,0.80
2007.08.29 17:03:37.282,2.3256,2.3262,2.30,3.10
2007.08.29 17:03:48.052,2.3257,2.3262,2.30,0.80
2007.08.29 17:03:55.270,2.32555,2.3262,4.00,0.80
2007.08.29 17:03:56.004,2.3256,2.3262,4.00,0.80
2007.08.29 17:03:56.060,2.3256,2.3262,8.00,0.80
2007.08.29 17:03:56.624,2.3256,2.3262,9.60,0.80
2007.08.29 17:04:06.479,2.3256,2.3262,9.60,5.60
2007.08.29 17:04:06.553,2.3256,2.3261,5.60,2.40
2007.08.29 17:04:06.647,2.3256,2.3261,4.00,4.40
2007.08.29 17:04:06.797,2.3255,2.3261,4.40,4.40
2007.08.29 17:04:07.080,2.3256,2.3261,5.60,2.00
2007.08.29 17:04:07.114,2.3256,2.3261,9.60,2.00
2007.08.29 17:04:07.200,2.3256,2.3262,9.60,0.80
2007.08.29 17:04:11.583,2.3256,2.3262,9.60,3.20
2007.08.29 17:04:11.607,2.3256,2.3262,9.60,11.10
2007.08.29 17:04:12.533,2.3256,2.3262,5.60,11.10
2007.08.29 17:04:16.158,2.3256,2.3262,4.00,5.50
2007.08.29 17:04:16.214,2.32555,2.3262,4.00,5.50
2007.08.29 17:04:16.758,2.32555,2.3262,4.00,3.10
2007.08.29 17:04:16.788,2.3256,2.3262,2.30,3.10
2007.08.29 17:04:18.153,2.3256,2.3262,1.10,3.10
2007.08.29 17:04:18.655,2.3256,2.3262,2.30,5.50
2007.08.29 17:04:18.766,2.32555,2.3262,4.00,5.50
2007.08.29 17:04:19.299,2.32555,2.3262,4.00,9.50
2007.08.29 17:04:20.593,2.32555,2.3262,4.00,8.70
2007.08.29 17:04:20.624,2.32555,2.3262,4.00,9.50
2007.08.29 17:04:20.643,2.32555,2.3262,4.00,10.30
2007.08.29 17:04:20.705,2.32555,2.3262,4.00,11.10
2007.08.29 17:04:20.756,2.32555,2.3259,4.00,6.80
2007.08.29 17:04:20.847,2.32555,2.3257,4.00,2.30
2007.08.29 17:04:20.949,2.3255,2.3257,4.00,2.30
2007.08.29 17:04:21.297,2.3253,2.3258,8.00,2.30
2007.08.29 17:04:21.404,2.3253,2.3258,4.00,2.30
2007.08.29 17:04:21.440,2.32525,2.3258,4.00,2.30
2007.08.29 17:04:21.512,2.3253,2.3259,2.30,4.70
2007.08.29 17:04:21.536,2.3253,2.3259,2.30,2.30
2007.08.29 17:04:21.736,2.3253,2.326,7.90,10.40
2007.08.29 17:04:22.051,2.3253,2.326,7.90,9.60
2007.08.29 17:04:22.151,2.3253,2.326,10.30,9.60
2007.08.29 17:04:22.161,2.3255,2.326,2.40,9.60
2007.08.29 17:04:22.263,2.3255,2.326,4.40,9.60
2007.08.29 17:04:22.381,2.3255,2.326,10.70,4.00
2007.08.29 17:04:22.476,2.3255,2.3261,10.70,2.30
2007.08.29 17:04:23.545,2.3257,2.3262,2.30,6.40
2007.08.29 17:04:23.578,2.3257,2.3262,2.30,1.60
2007.08.29 17:04:30.101,2.3256,2.3262,2.30,4.70
2007.08.29 17:04:30.221,2.3256,2.3262,2.30,6.70
2007.08.29 17:04:30.768,2.3256,2.3262,2.30,9.10
2007.08.29 17:04:33.701,2.3257,2.3262,2.00,6.70
2007.08.29 17:04:34.126,2.3257,2.3262,4.40,4.30
2007.08.29 17:04:35.166,2.3257,2.3262,4.40,2.30
2007.08.29 17:04:35.275,2.3258,2.3263,2.30,4.00
2007.08.29 17:04:35.391,2.3258,2.32635,2.30,4.00
2007.08.29 17:04:35.691,2.3257,2.3262,9.90,4.30
2007.08.29 17:04:35.710,2.3257,2.3262,13.90,4.30
2007.08.29 17:04:35.812,2.3257,2.3262,12.30,4.30
2007.08.29 17:04:35.946,2.3257,2.3262,8.30,4.30
2007.08.29 17:04:36.229,2.3258,2.32635,2.30,4.00
2007.08.29 17:04:36.391,2.3258,2.3264,2.30,6.70
2007.08.29 17:04:36.766,2.3257,2.3264,5.60,6.70
2007.08.29 17:04:36.915,2.3257,2.3264,4.00,10.70
2007.08.29 17:04:36.935,2.3256,2.32635,17.70,4.00
2007.08.29 17:04:37.041,2.3256,2.32635,17.50,4.00
2007.08.29 17:04:37.245,2.3256,2.3263,17.50,0.80
2007.08.29 17:04:37.286,2.3256,2.3263,17.50,1.60
2007.08.29 17:04:37.401,2.3256,2.3263,17.50,0.80
2007.08.29 17:04:37.552,2.3256,2.32635,17.50,4.00
2007.08.29 17:04:37.649,2.3256,2.3263,17.50,2.40
2007.08.29 17:04:37.715,2.3256,2.3262,11.90,4.70
2007.08.29 17:04:37.830,2.3256,2.3262,11.90,6.70
2007.08.29 17:04:37.940,2.3256,2.3262,10.30,6.70
2007.08.29 17:04:38.050,2.3256,2.3262,11.10,6.70
2007.08.29 17:04:38.068,2.3256,2.3262,11.90,9.10
2007.08.29 17:04:38.170,2.3257,2.3262,2.40,6.70
2007.08.29 17:04:38.260,2.3258,2.32625,2.30,4.00
2007.08.29 17:04:38.699,2.3258,2.3264,2.30,9.10
2007.08.29 17:04:38.888,2.3258,2.3264,2.30,9.90
2007.08.29 17:04:38.904,2.3258,2.3264,2.30,10.70
2007.08.29 17:04:39.027,2.3258,2.3263,2.30,1.60
2007.08.29 17:04:39.227,2.3258,2.3262,2.30,2.00
2007.08.29 17:04:39.334,2.3257,2.3262,13.90,4.30
2007.08.29 17:04:39.815,2.3258,2.3262,2.30,2.00
2007.08.29 17:04:40.034,2.3258,2.3262,3.10,2.00
2007.08.29 17:04:40.128,2.3258,2.3262,3.90,2.00
2007.08.29 17:04:40.144,2.3258,2.3262,3.90,4.40
2007.08.29 17:04:40.278,2.3259,2.32635,2.00,4.00
2007.08.29 17:04:40.456,2.3259,2.32635,2.00,4.80
2007.08.29 17:04:40.611,2.3259,2.3264,2.00,6.70
2007.08.29 17:04:41.827,2.3259,2.3264,5.50,4.40
2007.08.29 17:04:41.876,2.3259,2.3264,5.50,5.20
2007.08.29 17:04:41.924,2.3259,2.3264,5.50,6.00
2007.08.29 17:04:42.079,2.3259,2.3263,5.50,0.80
2007.08.29 17:04:42.155,2.3259,2.3263,5.50,1.60
2007.08.29 17:04:42.251,2.3259,2.3262,5.50,0.80
2007.08.29 17:04:42.289,2.3259,2.3262,5.50,1.60
2007.08.29 17:04:42.430,2.3259,2.3262,5.50,2.40
2007.08.29 17:04:42.595,2.3259,2.3262,4.30,2.40
2007.08.29 17:04:42.690,2.3259,2.3262,2.00,1.60
2007.08.29 17:04:42.808,2.3259,2.3262,2.00,0.80
2007.08.29 17:04:43.046,2.3259,2.3263,2.00,3.20
2007.08.29 17:04:43.128,2.3259,2.3263,2.00,4.00
2007.08.29 17:04:43.151,2.3259,2.3262,2.00,2.40
2007.08.29 17:04:43.233,2.3258,2.3262,4.40,2.30
2007.08.29 17:04:43.660,2.3258,2.3263,8.30,4.00
2007.08.29 17:04:43.759,2.3258,2.3263,8.30,3.20
2007.08.29 17:04:43.922,2.3258,2.3263,8.30,2.40
2007.08.29 17:04:44.401,2.3258,2.3263,8.30,4.00
2007.08.29 17:04:44.444,2.3258,2.3263,8.30,8.00
2007.08.29 17:04:44.589,2.3258,2.3262,2.00,2.30
2007.08.29 17:04:45.227,2.3258,2.3262,4.40,2.30
2007.08.29 17:04:45.695,2.3257,2.3262,2.80,6.70
2007.08.29 17:04:46.124,2.3257,2.3262,9.20,4.30
2007.08.29 17:04:46.245,2.3258,2.3262,2.00,2.30
2007.08.29 17:04:46.656,2.3258,2.3263,10.70,2.80
2007.08.29 17:04:46.774,2.3259,2.3263,2.00,0.80
2007.08.29 17:04:46.795,2.3259,2.3264,2.00,6.70
2007.08.29 17:04:46.930,2.3259,2.3264,2.00,7.50
2007.08.29 17:04:47.059,2.3259,2.3264,2.00,8.30
2007.08.29 17:04:47.149,2.3259,2.3264,2.00,9.10
2007.08.29 17:04:47.190,2.3258,2.3264,6.70,10.70
2007.08.29 17:04:47.314,2.3258,2.3264,6.70,14.70
2007.08.29 17:04:48.656,2.3259,2.3264,2.00,13.90
2007.08.29 17:04:48.748,2.3259,2.3264,2.00,13.10
2007.08.29 17:04:48.867,2.3259,2.3263,2.00,1.60
2007.08.29 17:04:48.986,2.3259,2.3263,2.00,2.40
2007.08.29 17:04:50.783,2.3259,2.3263,4.40,2.40
2007.08.29 17:04:53.183,2.3259,2.3263,4.40,1.60
2007.08.29 17:04:53.282,2.3259,2.3263,4.40,0.80
2007.08.29 17:04:53.324,2.3259,2.3264,4.40,7.90
2007.08.29 17:04:53.780,2.3259,2.3264,6.70,5.60
2007.08.29 17:04:54.007,2.3259,2.3264,6.70,4.00
2007.08.29 17:04:54.055,2.3259,2.32645,6.70,0.80
2007.08.29 17:04:54.210,2.3259,2.3264,4.40,4.30
2007.08.29 17:04:54.438,2.3259,2.3264,4.40,5.90
2007.08.29 17:04:54.575,2.3259,2.3264,4.40,0.90
2007.08.29 17:04:54.642,2.3259,2.3264,2.00,15.00
2007.08.29 17:04:54.765,2.3258,2.3262,8.30,0.50
2007.08.29 17:04:55.300,2.3258,2.3264,13.10,6.30
2007.08.29 17:04:55.401,2.3258,2.3264,13.10,0.60
2007.08.29 17:04:57.591,2.3259,2.32645,2.40,7.10
2007.08.29 17:04:57.687,2.3259,2.3265,7.10,14.70
2007.08.29 17:04:57.800,2.3259,2.3265,9.10,14.70
2007.08.29 17:04:57.991,2.3259,2.32645,9.10,5.60
2007.08.29 17:04:57.996,2.3259,2.3264,9.10,0.80
2007.08.29 17:04:58.101,2.3259,2.3264,6.70,0.50
2007.08.29 17:04:58.115,2.3259,2.3265,4.30,17.10
2007.08.29 17:04:58.214,2.3259,2.3265,2.00,15.50
2007.08.29 17:04:58.317,2.3259,2.3264,2.00,0.70
2007.08.29 17:04:58.326,2.3258,2.3265,14.70,15.50
2007.08.29 17:04:58.560,2.3258,2.3264,14.70,0.70
2007.08.29 17:04:58.620,2.3258,2.32645,17.10,11.90
2007.08.29 17:04:58.646,2.3258,2.3264,14.70,13.40
2007.08.29 17:04:58.753,2.3258,2.3264,10.70,17.00
2007.08.29 17:04:59.131,2.3258,2.3264,8.30,17.00
2007.08.29 17:04:59.227,2.3258,2.3264,8.30,21.80
2007.08.29 17:04:59.290,2.3258,2.3262,2.40,0.70
2007.08.29 17:04:59.331,2.3258,2.3263,2.40,6.70
2007.08.29 17:04:59.769,2.3258,2.3263,4.40,4.30
2007.08.29 17:05:01.709,2.3258,2.3264,6.70,15.90
2007.08.29 17:05:02.047,2.3258,2.3264,6.70,0.60
2007.08.29 17:05:02.452,2.3258,2.3264,6.70,0.50
2007.08.29 17:05:03.735,2.326,2.32645,2.00,7.10
2007.08.29 17:05:04.616,2.326,2.3265,8.30,10.70
2007.08.29 17:05:04.723,2.3261,2.3264,2.00,0.80
2007.08.29 17:05:09.657,2.3261,2.3265,2.00,0.80
2007.08.29 17:05:10.086,2.3261,2.3266,2.00,13.90
2007.08.29 17:05:10.207,2.3261,2.3265,2.00,0.70
2007.08.29 17:05:10.420,2.3261,2.3267,4.30,17.10
2007.08.29 17:05:11.140,2.3261,2.3267,4.30,12.30
2007.08.29 17:05:11.655,2.3261,2.3266,4.30,0.90
2007.08.29 17:05:11.789,2.3261,2.3267,2.00,15.90
2007.08.29 17:05:11.984,2.3261,2.3266,2.00,0.70
2007.08.29 17:05:12.079,2.3261,2.3267,2.00,17.50
2007.08.29 17:05:12.221,2.3261,2.3266,2.00,0.60
2007.08.29 17:05:12.269,2.3261,2.3266,2.00,0.90
2007.08.29 17:05:12.517,2.3261,2.3266,2.00,0.80
2007.08.29 17:05:12.618,2.3261,2.3266,2.00,0.60
2007.08.29 17:05:12.746,2.3263,2.3267,2.00,11.10
2007.08.29 17:05:12.869,2.3263,2.3266,2.00,0.60
2007.08.29 17:05:12.938,2.3263,2.32665,2.00,0.70
2007.08.29 17:05:13.205,2.3263,2.32675,2.00,11.10
2007.08.29 17:05:13.247,2.3263,2.32675,2.00,10.30
2007.08.29 17:05:13.270,2.3263,2.3267,2.00,0.80
2007.08.29 17:05:13.373,2.3263,2.3267,2.00,0.90
2007.08.29 17:05:13.793,2.3263,2.32675,4.40,0.50
2007.08.29 17:05:13.880,2.3263,2.3269,4.40,24.20
2007.08.29 17:05:14.040,2.3263,2.3267,4.40,0.80
2007.08.29 17:05:14.137,2.3263,2.3268,4.40,5.90
2007.08.29 17:05:14.240,2.3263,2.3267,2.30,0.60
2007.08.29 17:05:14.283,2.3263,2.3269,2.30,13.50
2007.08.29 17:05:14.457,2.3263,2.3267,2.30,0.60
2007.08.29 17:05:14.517,2.3263,2.3268,2.30,4.80
2007.08.29 17:05:14.641,2.3263,2.3268,2.30,4.00
2007.08.29 17:05:15.195,2.3263,2.3268,4.30,0.70
2007.08.29 17:05:15.291,2.3263,2.3268,2.30,0.70
2007.08.29 17:05:15.622,2.3263,2.3269,4.70,5.50
2007.08.29 17:05:15.717,2.3263,2.3268,2.30,0.50
2007.08.29 17:05:15.835,2.3263,2.3269,3.10,5.50
2007.08.29 17:05:15.859,2.3263,2.3268,3.90,0.80
2007.08.29 17:05:15.967,2.3263,2.3269,4.70,4.70
2007.08.29 17:05:16.681,2.3263,2.3268,3.90,0.90
2007.08.29 17:05:16.720,2.3263,2.3268,0.80,9.10
2007.08.29 17:05:16.820,2.3263,2.3267,0.80,0.80
2007.08.29 17:05:17.034,2.3263,2.3267,0.80,0.60
2007.08.29 17:05:17.046,2.3262,2.32675,1.60,11.50
2007.08.29 17:05:17.109,2.3262,2.32675,1.60,12.30
2007.08.29 17:05:17.151,2.3261,2.3267,9.90,0.70
2007.08.29 17:05:17.219,2.3261,2.32665,9.90,0.50
2007.08.29 17:05:17.283,2.3262,2.32665,2.30,6.40
2007.08.29 17:05:20.204,2.3262,2.32675,2.30,6.40
2007.08.29 17:05:21.164,2.3262,2.32675,2.30,6.40
2007.08.29 17:05:21.274,2.3261,2.3266,8.30,0.50
2007.08.29 17:05:22.635,2.3261,2.32665,10.70,6.00
2007.08.29 17:05:22.728,2.3262,2.3267,2.00,12.30
2007.08.29 17:05:22.846,2.3262,2.32675,2.00,10.70
2007.08.29 17:05:26.213,2.3262,2.32675,4.30,6.40
2007.08.29 17:05:26.845,2.3262,2.3268,2.30,11.50
2007.08.29 17:05:27.159,2.3262,2.3268,2.30,12.30
2007.08.29 17:05:33.263,2.3262,2.32675,2.30,6.40
2007.08.29 17:05:33.406,2.3262,2.3266,2.30,0.70
2007.08.29 17:05:33.708,2.32615,2.3267,0.20,6.70
2007.08.29 17:05:33.956,2.3261,2.3266,12.30,0.70
2007.08.29 17:05:34.187,2.3261,2.3266,8.30,0.90
2007.08.29 17:05:34.222,2.3261,2.32665,10.70,2.80
2007.08.29 17:05:34.905,2.3261,2.32665,10.70,9.20
2007.08.29 17:05:35.087,2.3261,2.32665,10.70,10.00
2007.08.29 17:05:35.192,2.3261,2.3266,10.70,0.60
2007.08.29 17:05:35.233,2.3261,2.3268,5.90,20.70
2007.08.29 17:05:35.439,2.3261,2.3267,5.90,15.90
2007.08.29 17:05:35.757,2.3261,2.3267,2.00,15.90
2007.08.29 17:05:35.770,2.3261,2.32665,2.00,13.10
2007.08.29 17:05:37.637,2.3261,2.32665,4.40,13.10
2007.08.29 17:05:37.737,2.3261,2.32665,4.40,9.90
2007.08.29 17:05:37.752,2.3261,2.32665,4.40,9.10
2007.08.29 17:05:38.005,2.3261,2.3267,4.40,8.30
2007.08.29 17:05:38.221,2.3261,2.32675,2.00,11.50
2007.08.29 17:05:38.802,2.3261,2.3267,10.70,14.70
2007.08.29 17:05:39.120,2.3261,2.3267,10.70,0.90
2007.08.29 17:05:39.866,2.3262,2.3268,2.30,8.70
2007.08.29 17:05:39.967,2.3262,2.32675,2.30,0.70
2007.08.29 17:05:40.297,2.3262,2.32685,2.30,7.90
2007.08.29 17:05:40.316,2.3261,2.3268,4.00,0.90
2007.08.29 17:05:40.606,2.3261,2.3267,4.00,0.80
2007.08.29 17:05:40.801,2.32605,2.3267,4.00,0.50
2007.08.29 17:05:41.073,2.32605,2.3268,4.00,19.10
2007.08.29 17:05:41.116,2.32605,2.3268,4.00,20.70
2007.08.29 17:05:41.222,2.32605,2.3268,4.00,26.30
2007.08.29 17:05:41.285,2.32605,2.3268,4.00,28.70
2007.08.29 17:05:41.354,2.326,2.3267,7.90,20.20
2007.08.29 17:05:41.689,2.326,2.32665,3.90,7.90
2007.08.29 17:05:41.792,2.326,2.32665,3.90,11.10
2007.08.29 17:05:41.887,2.326,2.3266,3.90,0.90
2007.08.29 17:05:41.903,2.326,2.32665,3.90,13.90
2007.08.29 17:05:41.968,2.326,2.32665,2.30,13.90
2007.08.29 17:05:42.012,2.326,2.32655,2.30,0.70
2007.08.29 17:05:42.243,2.326,2.3266,2.30,0.90
2007.08.29 17:05:42.495,2.326,2.3266,2.30,13.10
2007.08.29 17:05:43.235,2.3259,2.3265,10.70,0.90
2007.08.29 17:05:43.445,2.3259,2.32655,10.70,11.50
2007.08.29 17:05:43.537,2.3259,2.32655,10.70,13.10
2007.08.29 17:05:43.658,2.3259,2.3265,10.70,0.70
2007.08.29 17:05:43.755,2.326,2.3265,2.30,0.90
2007.08.29 17:05:43.849,2.326,2.32655,2.30,8.80
2007.08.29 17:05:44.161,2.326,2.32655,2.30,11.20
2007.08.29 17:05:44.170,2.326,2.32655,4.30,11.20
2007.08.29 17:05:44.374,2.326,2.3265,2.00,0.90
2007.08.29 17:05:44.672,2.326,2.32655,2.00,13.10
2007.08.29 17:05:44.698,2.326,2.3265,4.30,0.60
2007.08.29 17:05:44.769,2.326,2.3265,4.30,0.70
2007.08.29 17:05:44.785,2.326,2.3265,4.30,0.60
2007.08.29 17:05:44.905,2.326,2.32655,4.30,8.00
2007.08.29 17:05:44.966,2.326,2.3266,4.30,14.70
2007.08.29 17:05:45.105,2.326,2.3265,4.30,0.60
2007.08.29 17:05:45.336,2.326,2.3266,2.00,19.40
2007.08.29 17:05:45.447,2.326,2.3266,2.00,17.80
2007.08.29 17:05:45.764,2.326,2.3265,4.30,0.90
2007.08.29 17:05:45.873,2.326,2.3266,4.30,10.30
2007.08.29 17:05:46.565,2.326,2.32665,4.30,11.50
2007.08.29 17:05:46.620,2.326,2.32665,4.30,13.10
2007.08.29 17:05:46.822,2.326,2.32665,4.30,11.10
2007.08.29 17:05:46.860,2.326,2.3266,4.30,10.30
2007.08.29 17:06:08.770,2.326,2.3264,2.30,2.00
2007.08.29 17:06:12.257,2.326,2.3263,2.30,0.80
2007.08.29 17:06:12.359,2.326,2.3263,2.30,1.60
2007.08.29 17:06:12.657,2.326,2.3262,2.30,0.80
2007.08.29 17:06:12.689,2.326,2.3262,2.30,1.60
2007.08.29 17:06:12.774,2.3259,2.3262,8.30,0.80
2007.08.29 17:06:13.171,2.3259,2.3262,10.70,0.80
2007.08.29 17:06:13.206,2.3259,2.3262,13.10,0.80
2007.08.29 17:06:13.283,2.3259,2.3263,10.70,1.60
2007.08.29 17:06:13.322,2.3259,2.3263,4.30,1.60
2007.08.29 17:06:13.431,2.3259,2.3263,2.30,1.60
2007.08.29 17:06:13.753,2.326,2.3263,4.30,1.60
2007.08.29 17:06:13.787,2.326,2.3263,4.30,0.80
2007.08.29 17:06:13.851,2.326,2.3263,6.70,0.80
2007.08.29 17:06:14.284,2.3262,2.3263,2.40,0.80
2007.08.29 17:06:14.369,2.3262,2.3266,2.40,10.30
2007.08.29 17:06:14.394,2.3262,2.3266,4.40,6.40
2007.08.29 17:06:14.551,2.3262,2.3266,4.40,1.60
2007.08.29 17:06:14.613,2.3262,2.3266,4.40,4.00
2007.08.29 17:06:14.811,2.3262,2.3266,2.00,7.10
2007.08.29 17:06:15.070,2.3261,2.3266,2.00,9.10
2007.08.29 17:06:16.294,2.3261,2.3266,2.00,9.90
2007.08.29 17:06:16.509,2.3261,2.3263,2.00,0.80
2007.08.29 17:06:16.730,2.3261,2.3266,2.00,13.90
2007.08.29 17:06:17.005,2.3261,2.3266,2.00,9.90
2007.08.29 17:06:20.653,2.3261,2.3266,2.00,10.70
2007.08.29 17:06:20.859,2.3261,2.3266,2.00,11.50
2007.08.29 17:06:22.167,2.3261,2.3266,1.20,11.50
2007.08.29 17:06:26.009,2.326,2.3266,6.70,10.70
2007.08.29 17:06:26.105,2.326,2.3266,6.70,11.50
2007.08.29 17:06:26.201,2.326,2.3266,6.70,15.50
2007.08.29 17:06:26.225,2.326,2.3266,6.70,17.10
2007.08.29 17:06:26.266,2.326,2.3266,6.70,14.70
2007.08.29 17:06:26.322,2.3261,2.3265,1.40,2.30
2007.08.29 17:06:26.432,2.3258,2.3265,20.20,3.90
2007.08.29 17:06:26.452,2.3258,2.32645,15.80,4.00
2007.08.29 17:06:26.685,2.3258,2.32645,15.40,4.00
2007.08.29 17:06:26.740,2.3259,2.3265,0.50,3.90
2007.08.29 17:06:26.789,2.3259,2.3265,1.40,3.90
2007.08.29 17:06:26.851,2.3259,2.32655,8.30,4.00
2007.08.29 17:06:26.957,2.3259,2.32655,11.90,4.00
2007.08.29 17:06:27.057,2.3259,2.3266,15.90,7.50
2007.08.29 17:06:27.318,2.3262,2.32665,0.60,4.80
2007.08.29 17:06:27.385,2.3261,2.3267,6.70,6.30
2007.08.29 17:06:27.483,2.3262,2.3267,1.00,2.30
2007.08.29 17:06:27.701,2.3262,2.3267,0.90,6.70
2007.08.29 17:06:28.833,2.3261,2.3266,8.30,2.40
2007.08.29 17:06:29.712,2.326,2.3266,23.80,6.70
2007.08.29 17:06:29.822,2.3261,2.3266,0.90,4.30
2007.08.29 17:06:30.115,2.326,2.3266,13.50,5.10
2007.08.29 17:06:30.226,2.326,2.3266,10.70,5.90
2007.08.29 17:06:30.235,2.3261,2.3266,1.00,6.70
2007.08.29 17:06:30.345,2.3261,2.3266,1.10,9.10
2007.08.29 17:06:32.206,2.326,2.3266,6.70,8.30
2007.08.29 17:06:32.275,2.326,2.3266,6.70,7.50
2007.08.29 17:06:32.322,2.326,2.3266,6.70,5.10
2007.08.29 17:06:32.418,2.3261,2.3266,1.60,3.10
2007.08.29 17:06:32.436,2.326,2.3266,6.70,2.30
2007.08.29 17:06:38.420,2.326,2.3267,12.20,12.30
2007.08.29 17:06:38.744,2.3261,2.3267,7.90,12.30
2007.08.29 17:06:38.947,2.3262,2.3267,0.90,10.70
2007.08.29 17:06:38.970,2.3262,2.3267,0.60,6.70
2007.08.29 17:06:39.368,2.3261,2.3267,13.10,4.70
2007.08.29 17:06:39.691,2.3261,2.3267,13.50,2.30
2007.08.29 17:06:40.416,2.3263,2.3267,0.70,2.30
2007.08.29 17:06:40.936,2.3263,2.3268,1.50,5.20
2007.08.29 17:06:43.636,2.3262,2.3268,8.30,4.40
2007.08.29 17:06:43.692,2.3265,2.32685,0.80,0.80
2007.08.29 17:06:43.920,2.3264,2.3269,4.40,6.30
2007.08.29 17:06:44.330,2.32635,2.3269,7.20,8.70
2007.08.29 17:06:44.424,2.32635,2.3269,7.20,4.70
2007.08.29 17:06:45.787,2.32635,2.3269,8.80,6.70
2007.08.29 17:06:45.894,2.3264,2.3269,0.60,6.70
2007.08.29 17:06:45.967,2.32635,2.3269,2.50,6.70
2007.08.29 17:06:47.784,2.3264,2.3269,2.50,6.70
2007.08.29 17:06:47.815,2.3264,2.3269,1.90,6.70
2007.08.29 17:06:47.912,2.3264,2.327,13.10,4.00
2007.08.29 17:06:48.030,2.3264,2.32705,13.10,4.80
2007.08.29 17:06:48.329,2.3265,2.32705,2.30,4.80
2007.08.29 17:06:48.439,2.3264,2.32705,20.20,4.80
2007.08.29 17:06:48.449,2.3265,2.3271,2.60,13.50
2007.08.29 17:06:48.493,2.3264,2.3271,24.20,12.70
2007.08.29 17:06:48.793,2.3265,2.3271,3.40,10.30
2007.08.29 17:06:49.069,2.3265,2.3271,3.70,10.30
2007.08.29 17:06:49.164,2.3264,2.3271,24.20,10.30
2007.08.29 17:06:49.210,2.3265,2.3271,3.40,10.30
2007.08.29 17:06:49.272,2.3264,2.3271,21.90,8.70
2007.08.29 17:06:49.360,2.32655,2.3271,4.00,4.70
2007.08.29 17:06:49.403,2.3267,2.3271,2.30,2.40
2007.08.29 17:06:49.904,2.3268,2.3272,2.30,4.00
2007.08.29 17:06:50.013,2.3268,2.3272,2.30,3.20
2007.08.29 17:06:50.147,2.3268,2.3272,2.30,2.40
2007.08.29 17:06:50.755,2.3267,2.3272,4.00,4.70
2007.08.29 17:06:51.382,2.3266,2.3272,4.70,7.10
2007.08.29 17:06:53.028,2.3266,2.3272,4.70,7.90
2007.08.29 17:06:53.230,2.3266,2.327,4.30,2.40
2007.08.29 17:06:58.182,2.3266,2.32715,6.70,4.00
2007.08.29 17:06:58.317,2.3266,2.3272,6.70,13.10
2007.08.29 17:06:58.392,2.3266,2.3272,6.70,10.30
2007.08.29 17:07:00.367,2.3266,2.3272,6.70,0.70
2007.08.29 17:07:02.831,2.3266,2.3273,6.70,26.60
2007.08.29 17:07:03.328,2.3266,2.3272,6.70,0.50
2007.08.29 17:07:03.342,2.3266,2.3273,10.70,24.20
2007.08.29 17:07:03.447,2.3266,2.3273,10.70,18.20
2007.08.29 17:07:03.653,2.3266,2.3273,10.70,13.40
2007.08.29 17:07:08.788,2.3267,2.3272,4.00,0.70
2007.08.29 17:07:08.891,2.3267,2.3273,5.60,7.80
2007.08.29 17:07:09.323,2.3267,2.3273,4.00,9.40
2007.08.29 17:07:09.531,2.3268,2.3272,0.80,0.70
2007.08.29 17:07:09.554,2.3268,2.3273,1.60,9.40
2007.08.29 17:07:09.758,2.3268,2.3273,6.00,13.40
2007.08.29 17:07:09.773,2.3268,2.3272,6.80,0.70
2007.08.29 17:07:10.288,2.3268,2.32745,9.10,17.90
2007.08.29 17:07:10.396,2.3268,2.3274,13.90,0.70
2007.08.29 17:07:10.509,2.3269,2.3274,2.00,0.80
2007.08.29 17:07:10.602,2.3269,2.32745,2.00,16.30
2007.08.29 17:07:11.070,2.3269,2.32745,2.00,15.50
2007.08.29 17:07:11.073,2.3269,2.3274,2.00,0.70
2007.08.29 17:07:11.180,2.3269,2.32745,2.80,14.70
2007.08.29 17:07:11.231,2.3269,2.32745,3.60,14.70
2007.08.29 17:07:11.349,2.327,2.32745,2.40,12.30
2007.08.29 17:07:11.490,2.3271,2.32745,2.00,0.50
2007.08.29 17:07:11.835,2.3271,2.3276,2.00,14.70
2007.08.29 17:07:11.905,2.3271,2.3276,4.40,14.70
2007.08.29 17:07:12.004,2.3272,2.3276,2.30,6.00
2007.08.29 17:07:12.181,2.3272,2.32765,2.30,0.80
2007.08.29 17:07:12.361,2.3272,2.3277,2.30,8.00
2007.08.29 17:07:12.422,2.3273,2.3278,2.40,16.70
2007.08.29 17:07:12.528,2.3273,2.32765,4.70,0.80
2007.08.29 17:07:12.758,2.3274,2.3278,2.30,6.40
2007.08.29 17:07:12.828,2.3274,2.3278,2.30,6.40
2007.08.29 17:07:13.185,2.3274,2.3278,2.30,10.00
2007.08.29 17:07:13.280,2.3273,2.3278,1.60,12.30
2007.08.29 17:07:13.485,2.32725,2.3278,0.50,13.90
2007.08.29 17:07:13.696,2.32725,2.3279,4.00,20.20
2007.08.29 17:07:13.899,2.32725,2.3279,4.00,21.00
2007.08.29 17:07:13.910,2.32725,2.3278,4.00,12.30
2007.08.29 17:07:13.959,2.3272,2.3278,6.30,12.30
2007.08.29 17:07:14.023,2.3272,2.3277,2.30,0.50
2007.08.29 17:07:14.207,2.3272,2.3277,2.30,0.90
2007.08.29 17:07:14.234,2.3272,2.3277,2.30,0.70
2007.08.29 17:07:14.433,2.3271,2.3276,1.60,0.80
2007.08.29 17:07:14.513,2.3271,2.3276,0.80,0.90
2007.08.29 17:07:14.623,2.3271,2.3276,3.20,0.50
2007.08.29 17:07:14.664,2.3271,2.32765,2.40,8.00
2007.08.29 17:07:14.738,2.3272,2.32765,4.70,8.00
2007.08.29 17:07:15.174,2.3272,2.3278,2.30,4.80
2007.08.29 17:07:15.378,2.3272,2.3279,2.30,20.70
2007.08.29 17:07:15.700,2.3272,2.32785,2.30,10.40
2007.08.29 17:07:15.737,2.3272,2.3278,2.30,10.40
2007.08.29 17:07:16.782,2.3272,2.3279,2.30,19.10
2007.08.29 17:07:17.053,2.3272,2.3278,2.30,0.90
2007.08.29 17:07:17.088,2.3272,2.3279,2.30,11.10
2007.08.29 17:07:17.206,2.3272,2.3279,2.30,12.70
2007.08.29 17:07:19.976,2.3272,2.3279,2.30,19.40
2007.08.29 17:07:20.905,2.3272,2.3279,4.70,17.00
2007.08.29 17:07:20.919,2.3274,2.3279,2.30,9.20
2007.08.29 17:07:21.123,2.3274,2.3279,2.30,9.20
2007.08.29 17:07:21.190,2.3274,2.3279,2.30,10.00
2007.08.29 17:07:21.248,2.3273,2.3278,4.00,0.80
2007.08.29 17:07:21.347,2.3272,2.32785,2.30,3.10
2007.08.29 17:07:21.467,2.3272,2.32785,2.30,7.10
2007.08.29 17:07:21.765,2.3271,2.3278,10.00,0.50
2007.08.29 17:07:21.812,2.3271,2.32785,9.50,12.70
2007.08.29 17:07:21.870,2.3271,2.3278,7.90,13.40
2007.08.29 17:07:21.977,2.32705,2.3277,4.00,0.90
2007.08.29 17:07:22.024,2.32705,2.3277,4.00,0.90
2007.08.29 17:07:22.144,2.327,2.3277,4.80,9.50
2007.08.29 17:07:22.182,2.327,2.32765,4.80,6.40
2007.08.29 17:07:22.291,2.327,2.3276,4.80,0.80
2007.08.29 17:07:22.523,2.327,2.32765,0.80,14.30
2007.08.29 17:07:22.544,2.327,2.32755,0.80,0.80
2007.08.29 17:07:22.648,2.3268,2.3276,16.70,14.30
2007.08.29 17:07:22.714,2.3268,2.32755,15.10,5.60
2007.08.29 17:07:22.783,2.3268,2.3276,11.10,14.30
2007.08.29 17:07:22.919,2.3268,2.3275,3.90,0.50
2007.08.29 17:07:23.546,2.3268,2.3275,3.90,9.60
2007.08.29 17:07:24.299,2.3268,2.32745,3.90,5.60
2007.08.29 17:07:24.322,2.3268,2.3275,3.90,12.00
2007.08.29 17:07:24.930,2.3268,2.3273,3.90,0.50
2007.08.29 17:07:25.054,2.3268,2.3274,0.80,9.60
2007.08.29 17:07:25.140,2.3268,2.3273,0.80,0.70
2007.08.29 17:07:25.208,2.3267,2.3273,11.10,0.70
2007.08.29 17:07:25.255,2.3267,2.3273,11.10,6.40
2007.08.29 17:07:25.280,2.3267,2.3272,8.70,0.50
2007.08.29 17:07:25.456,2.3267,2.3272,3.10,0.80
2007.08.29 17:07:25.603,2.3267,2.32715,3.10,0.80
2007.08.29 17:07:25.697,2.3267,2.3272,5.50,8.00
2007.08.29 17:07:25.887,2.3267,2.32715,3.10,0.50
2007.08.29 17:07:25.996,2.3267,2.3272,2.30,8.00
2007.08.29 17:07:26.034,2.3267,2.3272,2.60,0.90
2007.08.29 17:07:26.078,2.3269,2.32725,2.30,5.60
2007.08.29 17:07:26.090,2.3269,2.32725,2.30,8.40
2007.08.29 17:07:26.530,2.3267,2.3272,5.20,0.70
2007.08.29 17:07:26.605,2.3267,2.3273,4.90,14.70
2007.08.29 17:07:26.635,2.3267,2.3273,4.60,14.70
2007.08.29 17:07:26.790,2.3267,2.3272,4.30,0.70
2007.08.29 17:07:27.474,2.3267,2.3273,2.00,21.00
2007.08.29 17:07:27.584,2.3266,2.3272,7.50,10.70
2007.08.29 17:07:27.677,2.3266,2.3272,7.50,12.30
2007.08.29 17:07:27.743,2.3266,2.3272,7.50,16.30
2007.08.29 17:07:27.933,2.3266,2.3272,7.50,18.70
2007.08.29 17:07:28.006,2.3268,2.3272,4.00,14.70
2007.08.29 17:07:28.151,2.3268,2.3272,4.00,12.30
2007.08.29 17:07:28.511,2.327,2.3272,2.30,8.30
2007.08.29 17:07:28.662,2.327,2.3272,2.30,2.00
2007.08.29 17:07:28.739,2.327,2.3273,2.30,2.40
2007.08.29 17:07:28.770,2.327,2.3273,2.30,1.60
2007.08.29 17:07:28.836,2.327,2.3273,2.30,3.20
2007.08.29 17:07:29.059,2.3269,2.3273,3.90,0.80
2007.08.29 17:07:29.087,2.3269,2.3274,3.90,4.40
2007.08.29 17:07:29.155,2.3269,2.3274,2.30,4.40
2007.08.29 17:07:29.466,2.3269,2.3273,2.30,2.00
2007.08.29 17:07:29.682,2.3269,2.3273,2.30,4.40
2007.08.29 17:07:30.923,2.3268,2.3273,2.00,10.70
2007.08.29 17:07:31.042,2.3267,2.3273,13.90,10.70
2007.08.29 17:07:31.178,2.3267,2.3273,14.70,10.70
2007.08.29 17:07:31.271,2.3267,2.3273,10.70,10.70
2007.08.29 17:07:31.453,2.3267,2.3273,6.00,10.70
2007.08.29 17:07:31.568,2.3267,2.3273,4.00,10.70
2007.08.29 17:07:31.855,2.3267,2.3273,3.20,14.70
2007.08.29 17:07:31.870,2.3267,2.3273,3.20,16.30
2007.08.29 17:07:32.186,2.3267,2.3273,2.40,16.30
2007.08.29 17:07:32.221,2.3266,2.3273,17.90,16.30
2007.08.29 17:07:32.419,2.3266,2.3273,16.30,16.30
2007.08.29 17:07:32.754,2.3266,2.32725,12.30,4.00
2007.08.29 17:07:32.958,2.3266,2.3271,10.00,2.30
2007.08.29 17:07:33.533,2.3266,2.3271,12.40,2.30
2007.08.29 17:07:33.570,2.3267,2.32725,3.50,4.00
2007.08.29 17:07:33.680,2.3267,2.3272,3.80,2.40
2007.08.29 17:07:33.955,2.3267,2.3272,4.10,2.40
2007.08.29 17:07:33.997,2.3267,2.3272,2.90,2.40
2007.08.29 17:07:34.114,2.3267,2.3271,0.30,2.30
2007.08.29 17:07:34.341,2.3266,2.3271,10.00,2.30
2007.08.29 17:07:34.435,2.3267,2.3272,2.30,2.40
2007.08.29 17:07:34.533,2.3268,2.3272,2.00,2.40
2007.08.29 17:07:34.637,2.3268,2.32725,2.00,4.00
2007.08.29 17:07:34.859,2.3268,2.3273,2.00,10.70
2007.08.29 17:07:34.937,2.3268,2.3273,2.00,6.70
2007.08.29 17:07:43.641,2.3268,2.3273,2.00,9.10
2007.08.29 17:07:44.149,2.3268,2.3273,2.00,6.70
2007.08.29 17:07:44.279,2.3268,2.3273,3.60,6.70
2007.08.29 17:07:44.870,2.3268,2.3273,3.60,7.50
2007.08.29 17:07:44.914,2.3268,2.3273,3.60,8.30
2007.08.29 17:07:45.154,2.3268,2.3273,3.60,9.10
2007.08.29 17:07:45.176,2.3268,2.3273,3.60,11.50
2007.08.29 17:07:45.218,2.3268,2.3273,1.60,11.50
2007.08.29 17:07:45.338,2.3267,2.3273,3.90,11.50
2007.08.29 17:07:45.850,2.3267,2.3273,2.30,11.50
2007.08.29 17:07:45.910,2.3267,2.32725,2.30,4.00
2007.08.29 17:07:48.335,2.3267,2.32725,2.30,4.80
2007.08.29 17:07:48.655,2.3267,2.3272,2.30,2.40
2007.08.29 17:07:48.710,2.3266,2.3271,3.60,4.70
2007.08.29 17:07:49.037,2.3266,2.3271,2.00,4.70
2007.08.29 17:07:49.241,2.3266,2.3271,2.00,6.70
2007.08.29 17:07:49.349,2.3266,2.3271,2.00,10.70
2007.08.29 17:07:58.693,2.3267,2.3271,2.40,8.30
2007.08.29 17:07:58.803,2.3267,2.3271,4.40,6.30
2007.08.29 17:07:59.105,2.3268,2.3271,2.00,6.30
2007.08.29 17:07:59.317,2.3267,2.3271,2.30,4.00
2007.08.29 17:07:59.406,2.3267,2.32725,2.60,0.80
2007.08.29 17:07:59.564,2.3267,2.32725,2.90,0.80
2007.08.29 17:07:59.731,2.3267,2.32725,4.50,0.80
2007.08.29 17:07:59.809,2.3267,2.32725,4.90,0.80
2007.08.29 17:07:59.820,2.3267,2.32725,4.50,0.80
2007.08.29 17:07:59.827,2.3267,2.32725,4.20,4.80
2007.08.29 17:08:00.011,2.3267,2.32725,3.90,4.80
2007.08.29 17:08:00.240,2.3267,2.32725,2.30,4.80
2007.08.29 17:08:01.640,2.3267,2.32725,2.30,4.00
2007.08.29 17:08:02.172,2.3267,2.32725,2.30,4.80
2007.08.29 17:08:04.234,2.3267,2.32725,2.30,4.00
2007.08.29 17:08:05.949,2.3267,2.32725,1.10,4.00
2007.08.29 17:08:06.723,2.3266,2.3271,13.80,2.40
2007.08.29 17:08:06.746,2.32655,2.3269,5.60,2.30
2007.08.29 17:08:06.909,2.3264,2.3269,15.10,2.30
2007.08.29 17:08:06.939,2.3265,2.3269,0.70,2.30
2007.08.29 17:08:06.997,2.3265,2.3269,0.80,2.30
2007.08.29 17:08:07.174,2.3264,2.3269,11.60,2.30
2007.08.29 17:08:07.398,2.3264,2.3269,10.80,2.30
2007.08.29 17:08:07.423,2.3264,2.3269,6.80,2.30
2007.08.29 17:08:07.963,2.3264,2.3269,5.20,2.30
2007.08.29 17:08:08.079,2.3264,2.3269,6.00,2.30
2007.08.29 17:08:08.279,2.3265,2.3269,0.80,2.30
2007.08.29 17:08:08.303,2.3265,2.3269,1.60,2.30
2007.08.29 17:08:08.609,2.3265,2.3269,1.60,4.30
2007.08.29 17:08:08.700,2.32655,2.3269,0.80,4.30
2007.08.29 17:08:09.755,2.32655,2.32705,0.80,4.80
2007.08.29 17:08:09.849,2.3266,2.32705,1.60,4.80
2007.08.29 17:08:09.923,2.3266,2.3271,1.60,10.70
2007.08.29 17:08:10.052,2.3266,2.3271,3.20,10.70
2007.08.29 17:08:10.075,2.3266,2.3271,4.80,10.70
2007.08.29 17:08:10.222,2.32665,2.3271,1.60,10.70
2007.08.29 17:08:10.380,2.32665,2.3271,1.60,6.70
2007.08.29 17:08:12.174,2.32665,2.3271,4.00,6.70
2007.08.29 17:08:18.732,2.32665,2.3271,4.00,4.30
2007.08.29 17:08:26.132,2.3267,2.3271,2.00,4.70
2007.08.29 17:08:33.589,2.32665,2.3271,4.00,4.30
2007.08.29 17:08:47.643,2.32665,2.3271,4.00,6.70
2007.08.29 17:08:54.732,2.32665,2.3271,4.00,7.50
2007.08.29 17:08:54.819,2.32665,2.3271,4.00,6.70
2007.08.29 17:08:55.226,2.32665,2.3271,0.80,6.70
2007.08.29 17:08:56.323,2.32665,2.3271,0.80,10.70
2007.08.29 17:08:56.752,2.3266,2.3271,0.80,10.70
2007.08.29 17:08:56.775,2.3266,2.3271,0.80,10.70
2007.08.29 17:08:57.052,2.3265,2.3271,2.30,10.70
2007.08.29 17:08:57.149,2.3265,2.3271,2.30,13.10
2007.08.29 17:08:57.574,2.3265,2.3271,2.30,10.70
2007.08.29 17:08:57.679,2.3266,2.3271,2.30,2.40
2007.08.29 17:08:57.769,2.3266,2.32715,2.30,4.00
2007.08.29 17:08:58.207,2.3266,2.32715,6.70,4.00
2007.08.29 17:08:58.318,2.3266,2.3272,6.70,12.70
2007.08.29 17:08:58.868,2.3266,2.3272,6.70,7.10
2007.08.29 17:09:00.124,2.3266,2.3272,6.70,4.70
2007.08.29 17:09:00.161,2.3266,2.3273,6.70,12.70
2007.08.29 17:09:00.183,2.3266,2.3273,2.30,12.70
2007.08.29 17:09:00.387,2.3266,2.3273,2.30,12.70
2007.08.29 17:09:00.396,2.3266,2.3272,2.30,0.80
2007.08.29 17:09:00.738,2.3266,2.32735,2.30,13.50
2007.08.29 17:09:01.221,2.3266,2.32735,6.70,13.50
2007.08.29 17:09:01.315,2.3266,2.3272,6.70,0.50
2007.08.29 17:09:01.415,2.3266,2.3273,6.70,12.70
2007.08.29 17:09:05.187,2.3266,2.3273,6.70,12.70
2007.08.29 17:09:05.213,2.3266,2.3273,2.30,12.70
2007.08.29 17:09:05.331,2.3266,2.3272,2.30,0.60
2007.08.29 17:09:05.699,2.3266,2.3273,2.30,12.70
2007.08.29 17:09:05.992,2.3266,2.3272,2.30,0.50
2007.08.29 17:09:12.974,2.3266,2.3273,2.30,12.70
2007.08.29 17:09:13.109,2.3267,2.3273,2.30,10.30
2007.08.29 17:09:13.202,2.3267,2.3273,6.70,7.90
2007.08.29 17:09:13.309,2.3267,2.3272,6.70,0.80
2007.08.29 17:09:13.487,2.3267,2.32735,6.70,6.30
2007.08.29 17:09:13.597,2.3267,2.3272,2.00,0.60
2007.08.29 17:09:13.711,2.3266,2.3273,6.30,3.90
2007.08.29 17:09:13.965,2.3266,2.32725,2.30,6.30
2007.08.29 17:09:14.724,2.3266,2.3272,2.30,0.60
2007.08.29 17:09:14.808,2.3266,2.3272,2.30,0.60
2007.08.29 17:09:17.824,2.3266,2.3271,2.30,0.50
2007.08.29 17:09:17.958,2.3266,2.3272,2.30,7.90
2007.08.29 17:09:18.278,2.3266,2.3271,2.30,0.80
2007.08.29 17:09:18.340,2.3266,2.3274,2.30,25.80
2007.08.29 17:09:20.920,2.3266,2.3272,2.30,11.10
2007.08.29 17:09:20.946,2.3266,2.3272,2.30,11.90
2007.08.29 17:09:21.230,2.3265,2.327,4.00,0.80
2007.08.29 17:09:21.333,2.3265,2.3271,4.00,7.90
2007.08.29 17:09:21.453,2.3264,2.3271,12.30,7.90
2007.08.29 17:09:21.529,2.3264,2.327,12.30,0.60
2007.08.29 17:09:25.722,2.3264,2.3271,12.30,15.10
2007.08.29 17:09:26.966,2.3264,2.3271,16.30,11.90
2007.08.29 17:09:27.034,2.3264,2.327,17.90,0.90
2007.08.29 17:09:27.128,2.3265,2.3271,2.30,7.10
2007.08.29 17:09:27.223,2.3266,2.3271,4.40,3.90
2007.08.29 17:09:27.321,2.3266,2.3271,4.40,3.10
2007.08.29 17:09:33.005,2.3266,2.3271,5.20,2.30
2007.08.29 17:09:33.017,2.3266,2.3271,6.00,2.30
2007.08.29 17:09:33.222,2.3268,2.3272,4.40,6.40
2007.08.29 17:09:33.305,2.3268,2.3272,4.40,5.60
2007.08.29 17:09:33.332,2.3268,2.3272,8.40,4.00
2007.08.29 17:09:33.611,2.3268,2.3273,8.40,3.10
2007.08.29 17:09:33.627,2.3268,2.3273,8.40,2.30
2007.08.29 17:09:34.368,2.3268,2.3274,10.70,3.90
2007.08.29 17:09:34.578,2.3268,2.3274,10.70,2.30
2007.08.29 17:09:44.181,2.3268,2.3274,10.70,3.10
2007.08.29 17:09:44.312,2.3268,2.3274,4.00,9.50
2007.08.29 17:09:44.509,2.32675,2.3274,4.00,11.10
2007.08.29 17:09:44.596,2.32665,2.3274,4.00,15.90
2007.08.29 17:09:44.691,2.32665,2.3272,4.00,2.40
2007.08.29 17:09:44.824,2.32665,2.3272,4.00,3.20
2007.08.29 17:09:44.907,2.32665,2.3272,4.00,4.00
2007.08.29 17:09:44.948,2.32665,2.3272,4.00,7.50
2007.08.29 17:09:45.004,2.32665,2.3272,4.00,9.10
2007.08.29 17:09:45.098,2.3266,2.3272,12.30,13.10
2007.08.29 17:09:45.210,2.3266,2.3272,12.30,10.70
2007.08.29 17:09:45.222,2.3266,2.3272,12.30,6.30
2007.08.29 17:09:45.341,2.3266,2.3272,10.70,7.90
2007.08.29 17:09:45.451,2.3266,2.3272,10.70,6.30
2007.08.29 17:09:45.647,2.3266,2.3272,10.70,2.30
2007.08.29 17:09:46.763,2.3266,2.3272,10.70,6.70
2007.08.29 17:09:46.799,2.3266,2.3272,10.70,11.50
2007.08.29 17:09:46.813,2.3266,2.3272,10.70,14.70
2007.08.29 17:09:46.905,2.3266,2.3272,10.70,15.50
2007.08.29 17:09:46.918,2.3266,2.3272,10.70,17.10
2007.08.29 17:09:47.416,2.3266,2.3272,10.70,14.70
2007.08.29 17:09:47.754,2.3266,2.3271,6.70,2.00
2007.08.29 17:09:48.162,2.3266,2.3271,4.30,4.40
2007.08.29 17:10:02.778,2.3266,2.3271,6.70,2.00
2007.08.29 17:10:04.373,2.3266,2.3271,6.70,0.80
2007.08.29 17:10:04.769,2.3268,2.32715,2.00,0.80
2007.08.29 17:10:04.794,2.3268,2.3272,2.00,0.70
2007.08.29 17:10:04.913,2.3268,2.32725,2.00,8.80
2007.08.29 17:10:04.972,2.3268,2.3272,2.00,0.60
2007.08.29 17:10:05.039,2.3268,2.3272,2.00,0.80
2007.08.29 17:10:05.284,2.3268,2.3273,5.90,10.00
2007.08.29 17:10:05.706,2.3268,2.32735,5.90,5.20
2007.08.29 17:10:05.737,2.3268,2.32735,8.30,2.80
2007.08.29 17:10:06.226,2.3268,2.32735,9.90,0.80
2007.08.29 17:10:08.205,2.3268,2.3273,9.90,0.80
2007.08.29 17:10:08.321,2.3268,2.3273,8.30,0.90
2007.08.29 17:10:09.708,2.3268,2.3272,5.90,0.90
2007.08.29 17:10:14.241,2.3268,2.3272,3.90,0.90
2007.08.29 17:10:14.298,2.3267,2.3273,4.00,12.20
2007.08.29 17:10:14.403,2.32665,2.3272,0.50,0.70
2007.08.29 17:10:14.429,2.3266,2.32725,10.40,12.30
2007.08.29 17:10:14.543,2.3266,2.3272,9.90,0.90
2007.08.29 17:10:18.285,2.3266,2.32725,12.30,12.30
2007.08.29 17:10:18.318,2.3268,2.32725,5.90,6.40
2007.08.29 17:10:19.755,2.3267,2.3273,4.00,12.20
2007.08.29 17:10:20.376,2.3266,2.32725,9.90,12.30
2007.08.29 17:10:21.995,2.3266,2.3272,9.90,0.90
2007.08.29 17:10:22.071,2.3266,2.32725,9.90,13.90
2007.08.29 17:10:22.139,2.3266,2.32715,9.90,0.80
2007.08.29 17:10:22.197,2.3266,2.32715,8.30,2.80
2007.08.29 17:10:22.726,2.3266,2.32715,8.30,0.90
2007.08.29 17:10:22.910,2.3266,2.3272,8.30,16.30
2007.08.29 17:10:23.248,2.3266,2.32715,9.90,0.90
2007.08.29 17:10:23.422,2.3266,2.32725,9.90,16.30
2007.08.29 17:10:24.159,2.3266,2.3271,9.90,0.80
2007.08.29 17:10:24.200,2.3266,2.3272,9.90,14.30
2007.08.29 17:10:24.306,2.3266,2.3272,9.90,14.30
2007.08.29 17:10:24.479,2.3266,2.3272,9.90,14.30
2007.08.29 17:10:24.832,2.3266,2.3271,8.30,0.70
2007.08.29 17:10:25.041,2.3266,2.3271,8.30,0.90
2007.08.29 17:10:25.137,2.3266,2.3271,5.90,0.60
2007.08.29 17:10:25.249,2.3266,2.3272,8.30,19.10
2007.08.29 17:10:27.518,2.3266,2.3271,8.30,0.80
2007.08.29 17:10:28.215,2.3266,2.3271,5.90,0.70
2007.08.29 17:10:28.311,2.3266,2.327,5.90,0.90
2007.08.29 17:10:29.680,2.3266,2.3272,5.90,19.10
2007.08.29 17:10:31.232,2.3266,2.32715,9.90,0.80
2007.08.29 17:10:31.412,2.3266,2.3273,9.90,15.40
2007.08.29 17:10:34.192,2.3266,2.3271,9.90,2.00
2007.08.29 17:10:34.309,2.3266,2.3271,8.30,2.00
2007.08.29 17:10:34.722,2.3266,2.3272,9.90,17.90
2007.08.29 17:10:34.827,2.3266,2.3272,9.90,16.30
2007.08.29 17:10:35.035,2.3266,2.3272,9.90,12.30
2007.08.29 17:10:35.463,2.3266,2.3272,9.90,8.30
2007.08.29 17:10:35.674,2.3266,2.3271,9.90,2.00
2007.08.29 17:10:35.784,2.3266,2.3271,8.30,2.00
2007.08.29 17:10:36.215,2.3268,2.3272,2.00,13.50
2007.08.29 17:10:36.827,2.3268,2.3272,2.00,9.50
2007.08.29 17:10:36.865,2.3268,2.3272,5.90,4.00
2007.08.29 17:10:36.935,2.3268,2.3272,5.90,2.40
2007.08.29 17:10:37.251,2.3268,2.3272,3.90,4.40
2007.08.29 17:10:37.786,2.3267,2.3272,4.00,8.30
2007.08.29 17:10:38.407,2.3266,2.3272,9.90,8.30
2007.08.29 17:10:42.844,2.3266,2.3272,9.90,9.10
2007.08.29 17:10:42.886,2.3266,2.3272,9.90,9.90
2007.08.29 17:10:43.030,2.3266,2.3272,9.90,10.70
2007.08.29 17:10:43.091,2.3266,2.3272,9.90,11.50
2007.08.29 17:10:43.199,2.3266,2.3271,9.90,2.00
2007.08.29 17:10:43.307,2.3266,2.3271,8.30,2.00
2007.08.29 17:10:43.719,2.3266,2.3271,5.90,4.40
2007.08.29 17:10:45.180,2.3266,2.3271,8.30,4.40
2007.08.29 17:10:45.215,2.3266,2.3271,10.70,4.40
2007.08.29 17:10:45.287,2.3268,2.3272,5.90,13.60
2007.08.29 17:10:45.307,2.3268,2.3272,5.90,12.80
2007.08.29 17:10:45.375,2.3268,2.3272,5.90,8.00
2007.08.29 17:10:45.457,2.3268,2.3272,5.90,6.40
2007.08.29 17:10:45.568,2.3268,2.3272,5.90,2.40
2007.08.29 17:10:46.282,2.3267,2.3272,4.00,8.30
2007.08.29 17:10:46.754,2.3267,2.3272,4.00,10.70
2007.08.29 17:10:46.796,2.3267,2.327,4.00,3.90
2007.08.29 17:10:47.329,2.3266,2.327,2.00,3.90
2007.08.29 17:10:47.741,2.3266,2.327,2.00,6.30
2007.08.29 17:10:48.784,2.3266,2.327,2.00,7.90
2007.08.29 17:10:48.883,2.32645,2.327,4.00,7.90
2007.08.29 17:10:49.038,2.3264,2.327,14.10,7.90
2007.08.29 17:10:49.155,2.3264,2.327,13.90,7.90
2007.08.29 17:10:49.303,2.3264,2.3268,7.60,3.90
2007.08.29 17:10:49.399,2.3264,2.3268,5.60,3.90
2007.08.29 17:10:49.625,2.3264,2.3268,8.00,3.90
2007.08.29 17:10:50.143,2.3264,2.3268,5.60,3.90
2007.08.29 17:10:50.353,2.3264,2.3268,4.80,3.90
2007.08.29 17:10:50.360,2.3264,2.3268,4.00,3.90
2007.08.29 17:10:56.654,2.3264,2.3267,4.00,2.40
2007.08.29 17:10:56.762,2.3264,2.3266,4.00,3.90
2007.08.29 17:10:57.485,2.3261,2.3266,1.60,3.90
2007.08.29 17:10:57.751,2.3261,2.3267,1.60,12.80
2007.08.29 17:10:57.854,2.3261,2.3267,4.00,12.80
2007.08.29 17:10:57.906,2.3261,2.32655,4.00,4.00
2007.08.29 17:10:58.266,2.3261,2.3266,4.00,6.40
2007.08.29 17:10:58.274,2.3261,2.3266,4.00,8.80
2007.08.29 17:10:58.339,2.3261,2.3266,4.00,9.60
2007.08.29 17:10:58.393,2.326,2.3266,1.60,10.40
2007.08.29 17:10:58.556,2.326,2.32655,1.60,4.80
2007.08.29 17:10:58.707,2.3259,2.32655,5.60,4.80
2007.08.29 17:10:58.911,2.3259,2.32655,4.00,4.80
2007.08.29 17:10:59.006,2.3259,2.3264,4.00,1.60
2007.08.29 17:10:59.152,2.3259,2.32635,4.00,4.00
2007.08.29 17:10:59.442,2.3258,2.32635,3.90,4.00
2007.08.29 17:10:59.658,2.3258,2.3264,6.30,7.90
2007.08.29 17:11:00.283,2.3258,2.3264,7.90,6.30
2007.08.29 17:11:00.376,2.3258,2.3264,11.90,6.30
2007.08.29 17:11:00.401,2.3258,2.3264,13.50,6.30
2007.08.29 17:11:00.486,2.3259,2.3264,4.00,6.30
2007.08.29 17:11:01.847,2.3258,2.3262,12.00,3.90
2007.08.29 17:11:02.059,2.3258,2.3262,8.00,3.90
2007.08.29 17:11:02.100,2.3258,2.3262,4.00,3.90
2007.08.29 17:11:03.739,2.3258,2.3262,6.40,3.90
2007.08.29 17:11:03.757,2.3261,2.3262,2.00,3.90
2007.08.29 17:11:03.851,2.3261,2.3264,2.00,3.90
2007.08.29 17:11:04.257,2.3261,2.3265,4.40,2.40
2007.08.29 17:11:04.379,2.3261,2.3266,4.40,3.90
2007.08.29 17:11:05.826,2.3261,2.3266,6.00,3.90
2007.08.29 17:11:05.854,2.3261,2.3266,10.00,3.90
2007.08.29 17:11:06.316,2.3261,2.3266,6.00,3.90
2007.08.29 17:11:06.357,2.3261,2.3266,4.40,3.90
2007.08.29 17:11:07.852,2.3261,2.3267,4.40,9.80
2007.08.29 17:11:09.164,2.3263,2.3266,2.00,3.90
2007.08.29 17:11:14.202,2.3263,2.3266,4.40,3.90
2007.08.29 17:11:16.258,2.3265,2.3269,2.00,13.50
2007.08.29 17:11:16.355,2.3265,2.3269,2.00,9.50
2007.08.29 17:11:16.374,2.3265,2.3269,2.00,3.90
2007.08.29 17:11:17.706,2.3264,2.3269,4.00,8.30
2007.08.29 17:11:18.478,2.3263,2.3269,10.70,8.30
2007.08.29 17:11:19.668,2.3263,2.3269,9.90,8.30
2007.08.29 17:11:22.146,2.3264,2.3269,2.40,8.30
2007.08.29 17:11:22.239,2.3265,2.3269,2.00,3.90
2007.08.29 17:11:23.398,2.3265,2.327,6.00,8.30
2007.08.29 17:11:26.714,2.3265,2.3268,4.00,2.00
2007.08.29 17:11:26.891,2.3264,2.3268,17.50,2.00
2007.08.29 17:11:27.223,2.3264,2.3269,19.50,2.00
2007.08.29 17:11:27.334,2.3263,2.3269,19.50,2.00
2007.08.29 17:11:28.858,2.3263,2.3269,19.50,2.00
2007.08.29 17:11:28.966,2.3264,2.327,4.40,8.30
2007.08.29 17:11:29.942,2.32635,2.327,16.30,8.30
2007.08.29 17:11:31.057,2.32635,2.327,17.10,8.30
2007.08.29 17:11:31.165,2.3264,2.327,13.10,8.30
2007.08.29 17:11:31.252,2.3265,2.327,9.80,2.40
2007.08.29 17:11:31.875,2.3266,2.3271,1.10,9.90
2007.08.29 17:11:39.233,2.32645,2.327,0.90,8.30
2007.08.29 17:11:39.336,2.32635,2.327,17.10,8.30
2007.08.29 17:11:39.360,2.3264,2.327,3.90,8.30
2007.08.29 17:11:41.709,2.32635,2.327,16.30,8.30
2007.08.29 17:11:54.600,2.3264,2.327,3.50,9.90
2007.08.29 17:11:54.695,2.32635,2.327,18.70,5.50
2007.08.29 17:11:55.331,2.3264,2.327,16.30,5.50
2007.08.29 17:11:55.431,2.3265,2.3271,5.50,4.00
2007.08.29 17:11:55.598,2.3265,2.32715,5.50,4.00
2007.08.29 17:11:55.845,2.3265,2.32715,7.10,4.00
2007.08.29 17:11:55.986,2.3265,2.3272,11.10,14.30
2007.08.29 17:11:56.271,2.3265,2.3272,13.50,14.30
2007.08.29 17:11:56.790,2.3265,2.3272,11.90,14.30
2007.08.29 17:11:56.817,2.3265,2.32715,7.90,4.00
2007.08.29 17:11:59.339,2.3266,2.32715,3.90,4.00
2007.08.29 17:12:01.403,2.3266,2.3272,3.90,11.90
2007.08.29 17:12:01.628,2.3267,2.3272,2.40,11.90
2007.08.29 17:12:02.371,2.3267,2.3272,2.40,10.30
2007.08.29 17:12:02.496,2.3267,2.3272,2.40,6.30
2007.08.29 17:12:08.240,2.3266,2.3272,14.70,6.30
2007.08.29 17:12:08.284,2.3266,2.3272,10.70,6.30
2007.08.29 17:12:08.658,2.3266,2.3272,8.30,6.30
2007.08.29 17:12:08.731,2.3266,2.3272,5.90,6.30
2007.08.29 17:12:08.755,2.3266,2.3272,3.90,6.30
2007.08.29 17:12:09.090,2.3266,2.3272,3.90,7.90
2007.08.29 17:12:09.182,2.3266,2.32715,3.90,4.00
2007.08.29 17:12:09.684,2.3266,2.3272,3.90,11.90
2007.08.29 17:12:10.198,2.3266,2.32715,3.90,4.00
2007.08.29 17:12:10.787,2.3267,2.32715,2.40,4.00
2007.08.29 17:12:10.806,2.3267,2.3272,2.40,11.90
2007.08.29 17:12:10.898,2.3267,2.3272,2.40,10.30
2007.08.29 17:12:10.942,2.3267,2.3272,2.40,9.50
2007.08.29 17:12:12.162,2.3265,2.3272,14.30,11.10
2007.08.29 17:12:12.200,2.3265,2.32715,10.30,4.00
2007.08.29 17:12:16.020,2.3265,2.32715,6.30,4.00
2007.08.29 17:12:16.100,2.3265,2.32715,8.70,4.00
2007.08.29 17:12:16.121,2.3265,2.32715,10.30,4.00
2007.08.29 17:12:16.168,2.3265,2.3272,14.30,11.10
2007.08.29 17:12:16.228,2.3265,2.3272,16.70,11.10
2007.08.29 17:12:16.406,2.3265,2.3272,14.30,11.10
2007.08.29 17:12:16.645,2.3265,2.3272,11.90,11.10
2007.08.29 17:12:16.740,2.3265,2.3272,10.30,11.10
2007.08.29 17:12:16.907,2.3265,2.32715,6.30,4.00
2007.08.29 17:12:19.094,2.3265,2.32715,7.10,4.00
2007.08.29 17:12:19.174,2.3266,2.32715,2.40,4.00
2007.08.29 17:12:19.201,2.3266,2.32715,6.80,4.00
2007.08.29 17:12:19.283,2.3266,2.3272,6.80,7.10
2007.08.29 17:12:19.410,2.3266,2.3272,6.80,5.50
2007.08.29 17:12:23.729,2.3265,2.327,8.00,5.50
2007.08.29 17:12:23.841,2.3265,2.327,6.40,5.50
2007.08.29 17:12:23.886,2.3265,2.327,2.40,5.50
2007.08.29 17:12:25.600,2.3265,2.32705,2.40,4.00
2007.08.29 17:12:26.690,2.3265,2.32705,1.60,4.00
2007.08.29 17:12:26.752,2.3265,2.32705,0.80,4.00
2007.08.29 17:12:26.784,2.3265,2.32705,3.20,4.00
2007.08.29 17:12:26.862,2.3265,2.327,2.40,6.40
2007.08.29 17:12:26.957,2.3265,2.327,2.40,8.40
2007.08.29 17:12:27.083,2.3266,2.327,2.40,6.00
2007.08.29 17:12:27.286,2.3264,2.327,21.50,4.00
2007.08.29 17:12:27.487,2.3264,2.327,20.30,4.00
2007.08.29 17:12:27.560,2.3264,2.327,16.30,4.00
2007.08.29 17:12:27.584,2.3264,2.327,14.70,4.00
2007.08.29 17:12:27.770,2.3264,2.327,17.10,4.00
2007.08.29 17:12:27.797,2.3264,2.327,18.70,4.00
2007.08.29 17:12:28.023,2.3264,2.327,22.70,4.00
2007.08.29 17:12:28.314,2.3264,2.3271,22.70,3.90
2007.08.29 17:12:30.639,2.3264,2.3271,20.30,3.90
2007.08.29 17:12:31.150,2.3264,2.3271,17.90,3.90
2007.08.29 17:12:31.187,2.3264,2.327,17.90,4.40
2007.08.29 17:12:31.276,2.3264,2.327,16.30,4.40
2007.08.29 17:12:31.354,2.3264,2.327,12.30,4.40
2007.08.29 17:12:31.393,2.3264,2.327,12.30,8.40
2007.08.29 17:12:31.716,2.3264,2.327,7.90,8.40
2007.08.29 17:12:31.767,2.3264,2.327,7.90,9.20
2007.08.29 17:12:31.904,2.3263,2.3269,1.60,3.90
2007.08.29 17:12:32.022,2.3262,2.3269,25.10,3.90
2007.08.29 17:12:32.202,2.32625,2.3269,4.00,3.90
2007.08.29 17:12:33.384,2.3262,2.3269,25.10,3.90
2007.08.29 17:12:33.420,2.3262,2.3269,4.60,3.90
2007.08.29 17:12:33.483,2.3262,2.3269,11.30,3.90
2007.08.29 17:12:33.798,2.3261,2.3269,25.10,5.50
2007.08.29 17:12:36.209,2.3262,2.3269,22.70,5.50
2007.08.29 17:12:36.247,2.3264,2.32695,4.10,4.00
2007.08.29 17:12:36.265,2.3263,2.327,16.20,12.40
2007.08.29 17:12:36.338,2.3264,2.327,2.50,6.80
2007.08.29 17:12:38.214,2.3263,2.3268,17.40,4.40
2007.08.29 17:12:38.745,2.3262,2.3268,25.10,4.40
2007.08.29 17:12:38.755,2.3262,2.3268,20.30,4.40
2007.08.29 17:12:39.051,2.3262,2.3268,16.30,4.40
2007.08.29 17:12:39.357,2.32615,2.3268,13.10,4.40
2007.08.29 17:12:40.812,2.3262,2.3268,3.00,8.30
2007.08.29 17:12:47.919,2.3262,2.3268,5.90,9.90
2007.08.29 17:12:53.024,2.3262,2.3268,5.90,11.10
2007.08.29 17:12:53.119,2.32615,2.3267,13.10,2.00
2007.08.29 17:12:53.474,2.32615,2.3267,15.50,2.00
2007.08.29 17:12:53.674,2.32615,2.3267,13.10,2.00
2007.08.29 17:12:53.699,2.3262,2.3268,4.90,13.90
2007.08.29 17:12:53.858,2.32615,2.3268,13.10,9.90
2007.08.29 17:12:54.689,2.3262,2.3268,0.80,12.30
2007.08.29 17:12:54.737,2.32615,2.3266,8.70,4.40
2007.08.29 17:12:54.836,2.32615,2.3266,0.80,9.90
2007.08.29 17:12:55.134,2.326,2.3266,16.30,9.90
2007.08.29 17:12:55.463,2.32595,2.3266,18.70,13.90
2007.08.29 17:12:55.782,2.32595,2.3266,17.10,13.90
2007.08.29 17:12:55.947,2.326,2.3266,0.60,13.90
2007.08.29 17:12:56.141,2.326,2.3266,3.20,13.90
2007.08.29 17:12:56.224,2.32595,2.3266,15.50,9.50
2007.08.29 17:12:56.660,2.326,2.3266,5.70,9.50
2007.08.29 17:12:56.945,2.32595,2.3266,19.50,9.50
2007.08.29 17:12:56.973,2.32595,2.3266,23.50,9.50
2007.08.29 17:12:57.453,2.32595,2.3266,23.50,5.50
2007.08.29 17:12:59.111,2.326,2.3266,3.90,5.50
2007.08.29 17:12:59.150,2.326,2.3266,3.50,5.50
2007.08.29 17:12:59.237,2.3262,2.3266,1.60,5.50
2007.08.29 17:12:59.324,2.3262,2.32675,4.10,4.00
2007.08.29 17:12:59.518,2.3261,2.3268,25.10,11.50
2007.08.29 17:13:07.088,2.3262,2.3268,10.70,11.50
2007.08.29 17:13:14.512,2.3262,2.3268,8.30,11.50
2007.08.29 17:13:19.748,2.3261,2.3266,11.00,5.50
2007.08.29 17:13:19.843,2.3261,2.3266,10.50,5.50
2007.08.29 17:13:19.857,2.3261,2.3266,6.00,5.50
2007.08.29 17:13:19.960,2.3261,2.3266,4.40,5.50
2007.08.29 17:13:20.017,2.3261,2.3266,4.00,5.50
2007.08.29 17:13:20.379,2.326,2.3266,22.70,5.50
2007.08.29 17:13:22.047,2.3261,2.3266,0.80,5.50
2007.08.29 17:13:22.059,2.3261,2.3266,1.60,5.50
2007.08.29 17:13:22.119,2.3261,2.3266,2.40,5.50
2007.08.29 17:13:22.140,2.3262,2.3266,2.40,5.50
2007.08.29 17:13:22.249,2.3262,2.3266,4.40,5.50
2007.08.29 17:13:22.346,2.3262,2.32675,8.30,4.00
2007.08.29 17:13:22.400,2.3262,2.3268,8.30,13.10
2007.08.29 17:13:22.463,2.3262,2.3268,8.30,11.50
2007.08.29 17:13:25.023,2.3262,2.3268,8.30,10.70
2007.08.29 17:13:25.091,2.3262,2.3268,10.70,10.70
2007.08.29 17:13:25.296,2.3262,2.3268,14.70,9.90
2007.08.29 17:13:25.317,2.3262,2.3268,16.30,9.90
2007.08.29 17:13:25.435,2.3262,2.3268,14.70,9.90
2007.08.29 17:13:25.462,2.3262,2.3268,10.70,9.90
2007.08.29 17:13:25.721,2.3262,2.3268,13.10,9.90
2007.08.29 17:13:25.748,2.3262,2.3268,13.10,5.50
2007.08.29 17:13:25.835,2.3262,2.3268,17.10,5.50
2007.08.29 17:13:25.943,2.3262,2.3268,18.70,5.50
2007.08.29 17:13:26.071,2.3262,2.3268,22.70,5.50
2007.08.29 17:13:29.168,2.3264,2.3268,4.40,5.50
2007.08.29 17:13:29.186,2.3264,2.3268,6.80,5.50
2007.08.29 17:13:29.277,2.3264,2.3269,10.70,0.80
2007.08.29 17:13:31.719,2.3264,2.327,10.70,15.50
2007.08.29 17:13:31.747,2.3264,2.327,10.70,14.70
2007.08.29 17:13:31.844,2.3265,2.327,1.60,14.70
2007.08.29 17:13:32.007,2.3265,2.327,5.60,13.90
2007.08.29 17:13:32.048,2.3265,2.327,6.40,13.90
2007.08.29 17:13:33.157,2.3266,2.327,2.40,13.90
2007.08.29 17:13:33.198,2.3266,2.327,4.80,11.50
2007.08.29 17:13:33.400,2.3266,2.327,14.70,4.00
2007.08.29 17:13:33.511,2.3266,2.3272,14.70,5.50
2007.08.29 17:13:33.605,2.3266,2.3272,14.70,9.90
2007.08.29 17:13:34.990,2.3266,2.3272,15.50,9.90
2007.08.29 17:13:35.072,2.3266,2.3272,21.10,9.90
2007.08.29 17:13:35.150,2.3266,2.3272,22.70,9.90
2007.08.29 17:13:35.205,2.3268,2.3272,2.40,9.90
2007.08.29 17:13:35.273,2.3268,2.3272,4.80,5.50
2007.08.29 17:13:35.368,2.3268,2.3274,8.70,11.90
2007.08.29 17:13:35.685,2.3268,2.3274,8.70,9.50
2007.08.29 17:13:35.796,2.3268,2.3274,12.70,9.50
2007.08.29 17:13:36.309,2.3268,2.3274,15.10,9.50
2007.08.29 17:13:36.466,2.3268,2.3274,15.10,5.50
2007.08.29 17:13:36.484,2.32685,2.3274,4.00,5.50
2007.08.29 17:13:37.004,2.3269,2.3274,4.00,5.50
2007.08.29 17:13:37.017,2.32695,2.3274,4.00,5.50
2007.08.29 17:13:37.358,2.3269,2.3274,4.00,5.50
2007.08.29 17:13:37.406,2.32685,2.3274,4.00,5.50
2007.08.29 17:13:37.713,2.32685,2.3274,4.00,7.90
2007.08.29 17:13:37.850,2.3268,2.3274,12.70,7.90
2007.08.29 17:13:38.061,2.3268,2.3274,10.30,7.90
2007.08.29 17:13:38.350,2.3268,2.3274,10.30,11.90
2007.08.29 17:13:38.581,2.3268,2.3274,12.70,11.90
2007.08.29 17:13:38.608,2.3267,2.3274,26.00,11.90
2007.08.29 17:13:39.401,2.3267,2.3274,30.80,11.90
2007.08.29 17:13:39.526,2.3268,2.3274,19.10,11.90
2007.08.29 17:13:44.130,2.3268,2.3274,21.10,13.90
2007.08.29 17:13:44.642,2.32685,2.3274,1.20,15.50
2007.08.29 17:13:44.673,2.3268,2.3274,16.30,17.90
2007.08.29 17:13:44.760,2.3268,2.3272,13.90,2.40
2007.08.29 17:13:44.781,2.32685,2.3272,0.80,2.40
2007.08.29 17:13:44.855,2.32685,2.3272,0.80,9.90
2007.08.29 17:13:45.031,2.32675,2.3272,1.60,9.90
2007.08.29 17:13:45.061,2.32675,2.3272,2.40,9.90
2007.08.29 17:13:45.251,2.3266,2.3272,16.30,9.90
2007.08.29 17:13:45.292,2.3268,2.3272,1.00,9.90
2007.08.29 17:13:45.489,2.3266,2.3272,18.70,9.90
2007.08.29 17:13:45.503,2.32665,2.3272,0.70,9.90
2007.08.29 17:13:45.999,2.3266,2.3272,18.70,9.90
2007.08.29 17:13:49.270,2.32665,2.3272,1.60,9.90
2007.08.29 17:13:49.291,2.32665,2.3272,3.20,5.50
2007.08.29 17:13:49.346,2.3268,2.3272,0.80,5.50
2007.08.29 17:13:49.377,2.3268,2.3272,0.60,5.50
2007.08.29 17:13:49.410,2.3267,2.3272,3.20,5.50
2007.08.29 17:13:49.615,2.3268,2.3272,1.00,7.90
2007.08.29 17:13:49.712,2.3268,2.3272,1.40,6.30
2007.08.29 17:13:49.821,2.3268,2.3272,0.50,8.30
2007.08.29 17:13:49.862,2.3267,2.3272,1.60,8.30
2007.08.29 17:13:49.994,2.32665,2.3272,1.10,8.30
2007.08.29 17:13:50.116,2.32665,2.3272,0.60,8.30
2007.08.29 17:13:50.130,2.3266,2.3272,26.70,5.90
2007.08.29 17:13:50.237,2.3266,2.3272,33.10,5.50
2007.08.29 17:13:50.427,2.3266,2.3272,33.90,5.50
2007.08.29 17:13:50.640,2.32665,2.32735,7.90,4.00
2007.08.29 17:13:50.749,2.32665,2.32735,10.30,4.00
2007.08.29 17:13:51.077,2.32665,2.32735,11.90,4.00
2007.08.29 17:13:51.154,2.3267,2.32735,4.90,4.00
2007.08.29 17:13:51.169,2.3267,2.32735,2.70,4.00
2007.08.29 17:13:51.225,2.32665,2.32735,8.70,4.00
2007.08.29 17:13:51.418,2.32675,2.3274,0.70,7.10
2007.08.29 17:13:51.490,2.3267,2.3274,15.90,5.50
2007.08.29 17:13:51.695,2.32675,2.3274,0.70,3.90
2007.08.29 17:13:51.791,2.32675,2.3274,1.50,5.50
2007.08.29 17:13:51.966,2.32665,2.3274,18.30,9.50
2007.08.29 17:13:52.659,2.3267,2.3273,0.60,2.40
2007.08.29 17:13:52.732,2.3267,2.3273,6.20,6.40
2007.08.29 17:13:52.748,2.32665,2.3273,8.80,14.30
2007.08.29 17:13:52.832,2.32665,2.3273,7.20,15.90
2007.08.29 17:13:53.355,2.32665,2.3273,3.20,15.90
2007.08.29 17:13:55.008,2.3266,2.3273,21.10,15.90
2007.08.29 17:13:55.091,2.3266,2.3273,19.50,15.90
2007.08.29 17:13:55.192,2.32655,2.3272,14.70,5.50
2007.08.29 17:13:55.348,2.3266,2.3272,5.10,5.50
2007.08.29 17:13:55.507,2.3266,2.3272,3.50,5.50
2007.08.29 17:13:55.641,2.3266,2.3272,2.10,5.50
2007.08.29 17:13:55.709,2.3265,2.3272,15.90,5.50
2007.08.29 17:14:01.844,2.32665,2.3272,2.10,5.50
2007.08.29 17:14:02.342,2.3265,2.3272,15.90,5.50
2007.08.29 17:14:06.724,2.32655,2.3271,4.80,2.40
2007.08.29 17:14:06.851,2.3266,2.327,4.00,5.50
2007.08.29 17:14:06.956,2.32655,2.327,4.80,5.50
2007.08.29 17:14:07.609,2.32655,2.327,0.80,5.50
2007.08.29 17:14:08.315,2.32655,2.3271,0.80,12.30
2007.08.29 17:14:08.664,2.32655,2.3271,0.80,9.90
2007.08.29 17:14:08.711,2.32655,2.327,0.80,5.50
2007.08.29 17:14:08.834,2.32655,2.3271,0.80,4.00
2007.08.29 17:14:08.910,2.32655,2.3271,4.80,4.00
2007.08.29 17:14:09.353,2.32655,2.3272,4.80,5.50
2007.08.29 17:14:10.729,2.32655,2.3271,4.80,4.40
2007.08.29 17:14:10.744,2.32655,2.3271,4.80,6.80
2007.08.29 17:14:11.232,2.32655,2.3272,4.80,5.50
2007.08.29 17:14:12.220,2.32655,2.3272,4.00,5.50
2007.08.29 17:14:13.744,2.32655,2.3272,4.00,3.90
2007.08.29 17:14:14.158,2.32655,2.3272,4.00,6.30
2007.08.29 17:14:14.196,2.3265,2.3272,14.30,10.30
2007.08.29 17:14:14.207,2.3265,2.3271,8.80,7.90
2007.08.29 17:14:14.411,2.3265,2.3271,3.20,7.90
2007.08.29 17:14:14.567,2.3265,2.3271,2.40,7.90
2007.08.29 17:14:14.710,2.3265,2.3271,2.40,5.50
2007.08.29 17:14:14.826,2.3265,2.3272,9.50,11.90
2007.08.29 17:14:14.999,2.32655,2.3272,4.00,7.90
2007.08.29 17:14:15.357,2.32655,2.3272,4.00,9.50
2007.08.29 17:14:15.442,2.3265,2.3272,13.50,13.50
2007.08.29 17:14:15.452,2.3265,2.3272,17.50,9.50
2007.08.29 17:14:15.655,2.3265,2.3272,13.50,11.10
2007.08.29 17:14:16.291,2.3265,2.3272,11.90,11.10
2007.08.29 17:14:16.324,2.3265,2.32715,7.90,4.00
2007.08.29 17:14:23.733,2.3265,2.3271,7.90,1.60
2007.08.29 17:14:23.919,2.3265,2.32705,7.90,0.80
2007.08.29 17:14:24.262,2.3265,2.327,2.40,5.50
2007.08.29 17:14:24.963,2.3265,2.327,2.40,6.30
2007.08.29 17:14:25.044,2.3265,2.327,2.40,7.10
2007.08.29 17:14:25.167,2.3265,2.327,2.40,9.50
2007.08.29 17:14:25.256,2.32645,2.3268,0.80,5.50
2007.08.29 17:14:25.292,2.3263,2.3268,8.00,5.50
2007.08.29 17:14:25.359,2.3263,2.3268,6.40,5.50
2007.08.29 17:14:25.514,2.3263,2.3268,2.40,5.50
2007.08.29 17:14:26.194,2.32625,2.3268,0.80,5.50
2007.08.29 17:14:26.282,2.3262,2.32675,8.70,4.00
2007.08.29 17:14:26.304,2.3262,2.32675,4.80,4.00
2007.08.29 17:14:26.404,2.3262,2.32675,0.80,4.00
2007.08.29 17:14:26.471,2.32615,2.32675,0.80,4.00
2007.08.29 17:14:26.798,2.3261,2.32675,10.30,4.00
2007.08.29 17:14:27.192,2.3261,2.32675,7.90,4.00
2007.08.29 17:14:27.232,2.3261,2.3266,2.40,5.50
2007.08.29 17:14:27.652,2.32605,2.3266,2.40,5.50
2007.08.29 17:14:27.749,2.3261,2.3267,7.90,3.90
2007.08.29 17:14:27.854,2.3261,2.3267,9.90,3.90
2007.08.29 17:14:28.018,2.3262,2.3267,0.80,3.90
2007.08.29 17:14:28.083,2.3262,2.3267,1.60,3.90
2007.08.29 17:14:28.104,2.3262,2.3267,2.40,3.90
2007.08.29 17:14:28.186,2.3263,2.3267,2.00,3.90
2007.08.29 17:14:28.284,2.3263,2.3268,2.00,17.90
2007.08.29 17:14:28.492,2.3263,2.3268,2.00,16.30
2007.08.29 17:14:28.720,2.3263,2.3268,2.00,12.30
2007.08.29 17:14:28.742,2.3263,2.3268,2.00,9.90
2007.08.29 17:14:30.363,2.3262,2.3268,10.70,13.90
2007.08.29 17:14:33.939,2.3262,2.3267,10.70,2.00
2007.08.29 17:14:37.849,2.3262,2.3268,10.70,13.90
2007.08.29 17:14:41.709,2.3262,2.3268,9.90,13.90
2007.08.29 17:14:41.733,2.3262,2.3268,9.10,16.30
2007.08.29 17:14:41.743,2.3262,2.3268,8.30,17.10
2007.08.29 17:14:41.805,2.3261,2.3266,4.00,5.50
2007.08.29 17:14:42.032,2.3261,2.3266,4.80,5.50
2007.08.29 17:14:42.088,2.3261,2.3266,0.80,5.50
2007.08.29 17:14:42.128,2.3261,2.3266,1.60,5.50
2007.08.29 17:14:42.151,2.3261,2.3266,4.00,5.50
2007.08.29 17:14:42.343,2.3262,2.32675,8.30,4.00
2007.08.29 17:14:42.434,2.3262,2.3268,8.30,17.90
2007.08.29 17:14:42.445,2.3262,2.3268,8.30,16.30
2007.08.29 17:14:42.965,2.3262,2.3268,9.10,16.30
2007.08.29 17:14:43.038,2.32625,2.3268,0.80,16.30
2007.08.29 17:14:44.396,2.3262,2.3268,3.90,16.30
2007.08.29 17:14:44.670,2.3262,2.3267,3.90,2.40
2007.08.29 17:14:44.689,2.3262,2.3266,3.90,4.40
2007.08.29 17:14:44.786,2.3261,2.3266,5.60,9.90
2007.08.29 17:14:44.896,2.3261,2.3266,4.00,9.90
2007.08.29 17:14:44.912,2.32605,2.3266,0.80,9.90
2007.08.29 17:14:45.096,2.32605,2.3266,3.20,9.90
2007.08.29 17:14:45.410,2.32605,2.3266,1.60,9.90
2007.08.29 17:14:46.623,2.3261,2.3266,2.40,9.90
2007.08.29 17:14:46.767,2.3262,2.32665,8.30,4.00
2007.08.29 17:14:47.041,2.3262,2.32665,9.10,4.00
2007.08.29 17:14:47.067,2.3262,2.3267,9.10,4.00
2007.08.29 17:14:47.094,2.3262,2.3267,9.90,4.00
2007.08.29 17:14:47.230,2.3262,2.3267,10.70,4.00
2007.08.29 17:14:47.393,2.3262,2.32675,10.70,4.80
2007.08.29 17:14:47.516,2.3262,2.32675,10.70,0.80
2007.08.29 17:14:53.651,2.3262,2.32675,9.90,0.80
2007.08.29 17:14:53.696,2.3262,2.32675,4.70,0.80
2007.08.29 17:14:53.734,2.3262,2.32675,3.90,0.80
2007.08.29 17:14:53.793,2.3261,2.3266,5.60,5.50
2007.08.29 17:14:53.897,2.3261,2.3266,4.00,5.50
2007.08.29 17:14:53.957,2.32605,2.3266,0.80,5.50
2007.08.29 17:14:54.221,2.32605,2.3266,2.40,9.90
2007.08.29 17:14:54.248,2.32605,2.3266,2.40,12.30
2007.08.29 17:14:54.296,2.32605,2.3265,2.40,3.90
2007.08.29 17:14:54.489,2.32605,2.3265,1.60,3.90
2007.08.29 17:14:54.719,2.32605,2.3264,1.60,2.40
2007.08.29 17:14:54.758,2.32605,2.3264,1.60,4.80
2007.08.29 17:14:54.776,2.32605,2.3264,0.80,4.80
2007.08.29 17:14:54.822,2.32605,2.3264,0.80,12.30
2007.08.29 17:14:54.960,2.32605,2.3264,0.80,9.90
2007.08.29 17:14:55.137,2.326,2.3264,6.40,9.90
2007.08.29 17:14:55.167,2.326,2.3264,8.80,9.90
2007.08.29 17:14:55.253,2.326,2.3264,8.80,5.50
2007.08.29 17:14:55.399,2.32605,2.3264,0.80,5.50
2007.08.29 17:14:55.417,2.3262,2.3264,0.80,5.50
2007.08.29 17:14:55.552,2.3262,2.3264,1.60,5.50
2007.08.29 17:14:55.575,2.3262,2.3264,2.40,5.50
2007.08.29 17:14:55.725,2.3262,2.3264,4.80,5.50
2007.08.29 17:14:55.841,2.3262,2.32645,9.90,4.00
2007.08.29 17:14:55.881,2.3262,2.3265,9.10,1.60
2007.08.29 17:14:56.045,2.3262,2.3266,9.10,1.60
2007.08.29 17:14:56.100,2.3262,2.3266,8.30,1.60
2007.08.29 17:14:56.152,2.3262,2.3267,8.30,5.60
2007.08.29 17:14:56.356,2.3262,2.3267,12.30,1.60
2007.08.29 17:14:56.980,2.3262,2.3267,13.10,1.60
2007.08.29 17:14:57.077,2.3262,2.3268,13.90,13.90
2007.08.29 17:14:57.084,2.3262,2.3268,14.70,13.90
2007.08.29 17:14:57.193,2.3262,2.3268,14.70,14.70
2007.08.29 17:14:57.290,2.3262,2.3268,14.70,15.50
2007.08.29 17:14:57.417,2.3262,2.3268,14.70,16.30
2007.08.29 17:14:58.120,2.3262,2.3268,14.70,15.50
2007.08.29 17:14:58.165,2.3262,2.3268,14.70,14.70
2007.08.29 17:14:58.421,2.3262,2.3268,15.50,14.70
2007.08.29 17:14:58.453,2.32625,2.3268,0.80,14.70
2007.08.29 17:14:58.511,2.32625,2.3268,0.80,13.90
2007.08.29 17:14:58.679,2.32625,2.3268,1.60,13.90
2007.08.29 17:15:00.317,2.3263,2.3268,2.00,13.90
2007.08.29 17:15:00.671,2.3263,2.3268,2.00,14.70
2007.08.29 17:15:00.744,2.3263,2.3268,4.40,13.10
2007.08.29 17:15:00.819,2.3263,2.3268,2.00,15.50
2007.08.29 17:15:00.999,2.3263,2.3268,2.00,16.30
2007.08.29 17:15:04.781,2.3263,2.3268,2.00,15.50
2007.08.29 17:15:04.911,2.3263,2.3268,2.00,14.70
2007.08.29 17:15:05.013,2.3263,2.3268,2.00,13.90
2007.08.29 17:15:08.912,2.3263,2.3268,2.00,14.70
2007.08.29 17:15:09.159,2.3263,2.3268,2.00,16.30
2007.08.29 17:15:09.255,2.3263,2.3268,8.30,8.30
2007.08.29 17:15:09.367,2.3263,2.3268,12.30,2.40
2007.08.29 17:15:09.696,2.3263,2.32675,12.30,0.80
2007.08.29 17:15:10.221,2.3263,2.32675,7.90,0.80
2007.08.29 17:15:10.318,2.3263,2.3267,4.00,5.50
2007.08.29 17:15:10.530,2.3261,2.3267,12.30,5.50
2007.08.29 17:15:10.719,2.3262,2.3267,2.40,5.50
2007.08.29 17:15:10.802,2.3261,2.3267,14.70,5.50
2007.08.29 17:15:10.901,2.3261,2.3267,15.90,5.50
2007.08.29 17:15:10.955,2.3261,2.3267,15.90,7.10
2007.08.29 17:15:11.109,2.3261,2.3267,15.90,11.10
2007.08.29 17:15:11.161,2.3261,2.3267,15.90,13.50
2007.08.29 17:15:11.263,2.3261,2.3267,15.90,15.50
2007.08.29 17:15:11.366,2.3261,2.3267,10.70,15.50
2007.08.29 17:15:11.676,2.3263,2.3267,2.40,13.10
2007.08.29 17:15:11.732,2.3263,2.3267,4.80,13.10
2007.08.29 17:15:11.791,2.3263,2.3267,10.70,5.60
2007.08.29 17:15:11.876,2.3263,2.3267,10.70,4.00
2007.08.29 17:15:11.889,2.3263,2.32675,10.70,0.80
2007.08.29 17:15:14.212,2.3263,2.32675,6.30,0.80
2007.08.29 17:15:14.713,2.3263,2.32675,3.90,0.80
2007.08.29 17:15:14.741,2.32625,2.32675,0.60,0.80
2007.08.29 17:15:15.055,2.3262,2.32675,8.40,4.80
2007.08.29 17:15:15.259,2.3262,2.32675,7.90,4.80
2007.08.29 17:15:16.172,2.3263,2.32675,2.40,4.80
2007.08.29 17:15:16.200,2.3263,2.32675,6.80,4.80
2007.08.29 17:15:16.306,2.3263,2.32675,10.70,4.80
2007.08.29 17:15:16.489,2.3263,2.32675,10.70,0.80
2007.08.29 17:15:17.103,2.3263,2.3268,10.70,2.40
2007.08.29 17:15:18.682,2.3263,2.32675,6.30,0.80
2007.08.29 17:15:18.743,2.3263,2.3268,3.90,2.40
2007.08.29 17:15:18.802,2.32625,2.32675,0.50,0.80
2007.08.29 17:15:18.873,2.3262,2.32675,8.30,0.80
2007.08.29 17:15:18.945,2.3262,2.32675,7.90,0.80
2007.08.29 17:15:19.088,2.3262,2.32675,7.90,0.70
2007.08.29 17:15:20.207,2.3263,2.3268,8.30,8.80
2007.08.29 17:15:20.280,2.3263,2.3268,10.70,8.00
2007.08.29 17:15:20.379,2.3263,2.3268,10.70,2.40
2007.08.29 17:15:20.427,2.3264,2.32675,2.00,0.80
2007.08.29 17:15:25.428,2.3264,2.3267,2.00,0.50
2007.08.29 17:15:25.443,2.3264,2.3267,2.00,0.70
2007.08.29 17:15:25.656,2.3264,2.3267,2.00,0.60
2007.08.29 17:15:25.816,2.3264,2.32665,2.00,0.80
2007.08.29 17:15:27.159,2.3264,2.3267,2.00,0.80
2007.08.29 17:15:32.727,2.32625,2.32675,0.50,1.60
2007.08.29 17:15:32.880,2.3262,2.3267,12.70,0.80
2007.08.29 17:15:33.072,2.3262,2.32675,12.30,1.60
2007.08.29 17:15:33.972,2.3262,2.32675,12.30,2.40
2007.08.29 17:15:34.085,2.3262,2.32675,12.30,3.20
2007.08.29 17:15:34.177,2.3262,2.3267,9.90,0.70
2007.08.29 17:15:34.257,2.3262,2.3267,7.50,6.40
2007.08.29 17:15:34.289,2.3262,2.32665,2.00,4.00
2007.08.29 17:15:34.388,2.3262,2.32665,2.00,10.30
2007.08.29 17:15:34.494,2.3261,2.32665,4.00,11.10
2007.08.29 17:15:34.552,2.32605,2.3267,0.50,19.50
2007.08.29 17:15:34.568,2.32605,2.3267,0.50,20.30
2007.08.29 17:15:34.590,2.32605,2.3267,0.50,20.30
2007.08.29 17:15:34.760,2.326,2.3266,10.40,0.60
2007.08.29 17:15:34.771,2.326,2.3267,9.90,23.50
2007.08.29 17:15:34.804,2.326,2.3267,8.30,22.70
2007.08.29 17:15:34.913,2.326,2.3266,12.30,0.80
2007.08.29 17:15:35.369,2.326,2.3267,8.30,27.10
2007.08.29 17:15:35.500,2.326,2.3266,8.30,23.50
2007.08.29 17:15:36.145,2.326,2.32655,5.90,7.20
2007.08.29 17:15:50.270,2.326,2.32655,8.30,4.80
2007.08.29 17:15:50.413,2.326,2.3266,8.30,22.70
2007.08.29 17:15:51.742,2.326,2.3266,8.30,17.90
2007.08.29 17:15:51.896,2.326,2.3266,8.30,15.90
2007.08.29 17:15:51.944,2.326,2.3266,8.30,14.30
2007.08.29 17:15:52.293,2.326,2.3266,8.30,10.30
2007.08.29 17:15:52.474,2.326,2.3266,8.30,6.30
2007.08.29 17:15:53.026,2.326,2.3265,8.30,2.40
2007.08.29 17:15:53.097,2.326,2.3265,8.30,3.20
2007.08.29 17:15:53.194,2.326,2.3264,3.90,4.40
2007.08.29 17:15:53.242,2.326,2.3264,3.90,6.80
2007.08.29 17:15:53.314,2.32595,2.3264,4.00,12.30
2007.08.29 17:15:53.409,2.32595,2.3264,4.00,13.90
2007.08.29 17:15:53.491,2.3258,2.3264,13.10,17.90
2007.08.29 17:15:53.547,2.3258,2.3264,12.30,17.90
2007.08.29 17:15:53.655,2.3258,2.3264,9.90,17.90
2007.08.29 17:15:53.851,2.3258,2.3264,8.30,17.90
2007.08.29 17:15:55.293,2.3258,2.3264,8.30,18.70
2007.08.29 17:15:55.303,2.3258,2.3264,8.30,19.50
2007.08.29 17:15:55.395,2.3258,2.3264,8.30,20.30
2007.08.29 17:15:58.138,2.3258,2.3264,8.30,21.10
2007.08.29 17:15:58.154,2.3258,2.3264,8.30,21.90
2007.08.29 17:15:58.758,2.3258,2.3264,8.30,21.10
2007.08.29 17:15:59.041,2.3258,2.3264,8.30,20.30
2007.08.29 17:16:03.214,2.3258,2.3264,9.10,20.30
2007.08.29 17:16:03.278,2.3258,2.3264,9.90,20.30
2007.08.29 17:16:03.295,2.3258,2.3264,10.70,20.30
2007.08.29 17:16:04.134,2.3258,2.3264,10.70,19.50
2007.08.29 17:16:04.225,2.3258,2.3264,10.70,18.70
2007.08.29 17:16:04.240,2.3258,2.3264,10.70,14.30
2007.08.29 17:16:04.328,2.3258,2.3264,10.70,13.50
2007.08.29 17:16:04.815,2.3258,2.3264,10.70,9.50
2007.08.29 17:16:04.858,2.3258,2.3264,10.70,7.90
2007.08.29 17:16:04.892,2.3258,2.3264,10.70,5.50
2007.08.29 17:16:05.692,2.326,2.3264,2.40,5.50
2007.08.29 17:16:05.800,2.326,2.3265,4.40,9.50
2007.08.29 17:16:05.871,2.326,2.3265,4.40,5.50
2007.08.29 17:16:05.941,2.326,2.3265,4.40,3.90
2007.08.29 17:16:07.987,2.326,2.3264,2.00,3.90
2007.08.29 17:16:08.410,2.326,2.3265,2.00,8.30
2007.08.29 17:16:08.579,2.326,2.3265,2.00,6.30
2007.08.29 17:16:09.303,2.326,2.32655,8.30,0.80
2007.08.29 17:16:09.417,2.326,2.32655,9.90,0.80
2007.08.29 17:16:09.435,2.3259,2.32655,19.40,0.80
2007.08.29 17:16:09.716,2.3259,2.32655,2.00,0.80
2007.08.29 17:16:09.809,2.32585,2.3266,14.30,12.30
2007.08.29 17:16:09.824,2.3259,2.3266,0.70,13.10
2007.08.29 17:16:09.922,2.3259,2.3266,1.60,14.70
2007.08.29 17:16:10.126,2.3259,2.32655,0.90,4.00
2007.08.29 17:16:10.362,2.3259,2.32655,1.00,4.80
2007.08.29 17:16:11.072,2.3259,2.32655,1.50,5.60
2007.08.29 17:16:11.172,2.3259,2.3264,1.70,2.40
2007.08.29 17:16:11.284,2.3259,2.3264,2.10,6.30
2007.08.29 17:16:11.497,2.32575,2.3264,19.50,6.30
2007.08.29 17:16:11.596,2.32575,2.3264,18.70,6.30
2007.08.29 17:16:11.703,2.3259,2.3264,4.40,3.90
2007.08.29 17:16:12.936,2.3259,2.3264,8.40,3.90
2007.08.29 17:16:13.452,2.3259,2.3265,13.90,8.30
2007.08.29 17:16:13.562,2.326,2.3265,2.70,6.30
2007.08.29 17:16:13.874,2.3259,2.3264,8.40,3.90
2007.08.29 17:16:13.981,2.3259,2.3264,8.40,3.90
2007.08.29 17:16:14.387,2.3259,2.3264,8.40,3.90
2007.08.29 17:16:14.860,2.3259,2.3264,8.40,3.90
2007.08.29 17:16:14.969,2.3259,2.3265,13.90,6.30
2007.08.29 17:16:23.457,2.3259,2.3265,16.00,3.90
2007.08.29 17:16:23.568,2.326,2.3265,8.40,3.90
2007.08.29 17:16:24.183,2.326,2.3265,6.00,6.30
2007.08.29 17:16:25.135,2.326,2.3265,11.50,2.40
2007.08.29 17:16:25.231,2.326,2.32655,14.20,0.80
2007.08.29 17:16:25.441,2.326,2.32655,16.60,0.80
2007.08.29 17:16:25.549,2.3261,2.3266,3.00,7.10
2007.08.29 17:16:31.221,2.3261,2.3266,3.60,0.80
2007.08.29 17:16:32.272,2.326,2.3266,15.00,0.80
2007.08.29 17:16:32.733,2.326,2.32665,17.40,0.80
2007.08.29 17:16:32.783,2.326,2.32665,19.90,0.80
2007.08.29 17:16:32.846,2.326,2.32665,17.50,0.80
2007.08.29 17:16:33.044,2.326,2.3266,13.50,1.60
2007.08.29 17:16:33.060,2.3261,2.3266,1.70,5.60
2007.08.29 17:16:33.259,2.3261,2.3266,1.60,9.50
2007.08.29 17:16:33.369,2.32595,2.3266,6.30,9.50
2007.08.29 17:16:37.185,2.326,2.3266,7.90,9.50
2007.08.29 17:16:37.214,2.326,2.3266,7.90,5.60
2007.08.29 17:16:37.337,2.3261,2.3266,4.00,4.00
2007.08.29 17:16:37.414,2.3261,2.32665,4.00,4.00
2007.08.29 17:16:37.742,2.3261,2.3266,4.00,3.90
2007.08.29 17:16:37.933,2.3261,2.3266,4.00,7.90
2007.08.29 17:16:37.958,2.3261,2.3266,4.00,9.50
2007.08.29 17:16:38.296,2.3261,2.3266,4.00,5.60
2007.08.29 17:16:38.363,2.3261,2.3266,4.00,4.00
2007.08.29 17:16:38.514,2.3261,2.32665,4.00,4.00
2007.08.29 17:16:45.650,2.3261,2.32665,8.40,4.00
2007.08.29 17:16:45.731,2.3262,2.32665,2.40,4.00
2007.08.29 17:16:45.745,2.3262,2.32665,7.90,4.00
2007.08.29 17:16:45.883,2.3262,2.32675,7.90,0.80
2007.08.29 17:16:49.164,2.3262,2.3263,7.90,0.80
2007.08.29 17:16:49.376,2.3262,2.3265,7.90,6.00
2007.08.29 17:16:49.392,2.3262,2.32625,7.90,0.80
2007.08.29 17:16:49.776,2.3262,2.32625,5.50,0.80
2007.08.29 17:16:49.793,2.3262,2.3264,5.50,2.40
2007.08.29 17:16:49.821,2.3262,2.3263,5.50,4.40
2007.08.29 17:16:49.920,2.3261,2.3263,6.40,9.90
2007.08.29 17:16:50.113,2.3261,2.3263,5.60,9.90
2007.08.29 17:16:50.197,2.3261,2.3263,4.80,9.90
2007.08.29 17:16:50.291,2.3261,2.3263,4.00,9.90
2007.08.29 17:16:50.332,2.3261,2.3263,4.00,11.50
2007.08.29 17:16:50.499,2.3261,2.3262,4.00,2.40
2007.08.29 17:16:50.548,2.3259,2.3262,1.60,7.90
2007.08.29 17:16:50.664,2.3259,2.3261,1.60,3.90
2007.08.29 17:16:50.864,2.3257,2.3261,2.40,3.90
2007.08.29 17:16:51.215,2.3257,2.3261,2.40,6.30
2007.08.29 17:16:51.670,2.32565,2.3261,0.80,6.30
2007.08.29 17:16:54.676,2.3257,2.3261,2.00,6.30
2007.08.29 17:16:55.086,2.3257,2.3261,2.80,6.30
2007.08.29 17:16:55.092,2.3257,2.3261,3.60,6.30
2007.08.29 17:16:55.206,2.3258,2.3261,2.00,2.40
2007.08.29 17:16:55.260,2.3258,2.32625,2.00,4.00
2007.08.29 17:16:55.402,2.3258,2.3263,2.00,13.10
2007.08.29 17:16:55.410,2.3258,2.3263,2.00,11.50
2007.08.29 17:16:56.133,2.3258,2.3263,2.80,11.50
2007.08.29 17:16:56.157,2.3258,2.3263,3.60,11.50
2007.08.29 17:16:56.177,2.3258,2.3263,4.40,11.50
2007.08.29 17:16:57.069,2.3258,2.3263,4.40,12.30
2007.08.29 17:16:57.094,2.3258,2.3263,4.40,11.50
2007.08.29 17:16:57.162,2.3258,2.3261,3.60,0.80
2007.08.29 17:16:57.201,2.3258,2.3261,3.60,4.00
2007.08.29 17:16:57.312,2.3258,2.3259,2.80,0.80
2007.08.29 17:16:57.353,2.3258,2.3259,0.80,3.20
2007.08.29 17:16:57.459,2.3257,2.3259,4.50,4.00
2007.08.29 17:16:57.519,2.3257,2.3259,4.50,3.20
2007.08.29 17:16:57.563,2.3257,2.3258,4.50,2.40
2007.08.29 17:16:57.720,2.3255,2.3257,5.50,2.40
2007.08.29 17:16:57.776,2.3255,2.3257,1.60,6.30
2007.08.29 17:16:57.828,2.3255,2.3257,1.60,0.50
2007.08.29 17:16:57.846,2.3255,2.3258,1.60,10.20
2007.08.29 17:16:57.887,2.32545,2.3257,4.00,0.90
2007.08.29 17:16:57.984,2.3254,2.3258,5.60,10.20
2007.08.29 17:16:58.029,2.3254,2.3257,6.40,0.60
2007.08.29 17:16:58.072,2.3254,2.3257,5.60,0.70
2007.08.29 17:16:58.254,2.3254,2.3258,6.40,10.20
2007.08.29 17:16:58.278,2.3254,2.3257,5.60,0.50
2007.08.29 17:16:58.343,2.3254,2.3258,4.80,10.20
2007.08.29 17:16:58.375,2.3254,2.3258,0.80,10.20
2007.08.29 17:16:58.453,2.3254,2.3258,0.80,10.20
2007.08.29 17:16:58.547,2.3253,2.3257,2.40,0.60
2007.08.29 17:16:59.012,2.32525,2.32585,0.80,13.50
2007.08.29 17:17:00.051,2.32525,2.3257,0.80,0.60
2007.08.29 17:17:00.155,2.32525,2.3258,0.80,0.50
2007.08.29 17:17:01.090,2.32525,2.3257,0.80,0.70
2007.08.29 17:17:02.025,2.3254,2.3258,1.60,8.70
2007.08.29 17:17:02.053,2.3254,2.3258,3.20,8.70
2007.08.29 17:17:02.239,2.3255,2.32585,2.00,11.10
2007.08.29 17:17:02.256,2.3255,2.3258,2.00,0.70
2007.08.29 17:17:02.336,2.3255,2.3259,2.00,9.60
2007.08.29 17:17:02.358,2.3255,2.3259,2.00,0.80
2007.08.29 17:17:02.752,2.3255,2.32595,4.40,3.20
2007.08.29 17:17:02.885,2.3255,2.32605,4.40,10.30
2007.08.29 17:17:03.199,2.3255,2.32605,4.40,7.90
2007.08.29 17:17:03.279,2.3255,2.3261,8.30,19.90
2007.08.29 17:17:03.387,2.3255,2.32615,8.30,20.70
2007.08.29 17:17:03.419,2.3255,2.32615,8.30,16.70
2007.08.29 17:17:09.065,2.3255,2.32615,8.30,16.60
2007.08.29 17:17:09.161,2.3255,2.3261,8.30,0.80
2007.08.29 17:17:09.177,2.3257,2.3261,2.00,0.90
2007.08.29 17:17:09.275,2.3257,2.32615,2.00,6.10
2007.08.29 17:17:10.585,2.3257,2.3261,2.00,0.90
2007.08.29 17:17:10.704,2.3257,2.3261,2.00,0.70
2007.08.29 17:17:10.791,2.32555,2.326,0.20,0.80
2007.08.29 17:17:10.807,2.32555,2.326,0.20,0.60
2007.08.29 17:17:10.879,2.32555,2.3261,0.20,11.20
2007.08.29 17:17:11.007,2.32555,2.32615,0.20,11.10
2007.08.29 17:17:11.095,2.32555,2.32615,0.20,11.90
2007.08.29 17:17:11.114,2.3255,2.32615,8.30,15.10
2007.08.29 17:17:11.153,2.3255,2.3261,8.30,0.60
2007.08.29 17:17:11.225,2.3255,2.32615,8.30,18.30
2007.08.29 17:17:11.297,2.3255,2.326,4.40,0.70
2007.08.29 17:17:11.578,2.3255,2.3261,4.40,15.00
2007.08.29 17:17:11.711,2.3255,2.32605,2.00,12.70
2007.08.29 17:17:11.938,2.3255,2.326,2.00,0.70
2007.08.29 17:17:12.102,2.3255,2.3261,2.00,22.60
2007.08.29 17:17:12.248,2.3255,2.326,4.40,0.90
2007.08.29 17:17:12.355,2.3255,2.326,4.40,0.80
2007.08.29 17:17:12.380,2.3255,2.32605,4.40,10.30
2007.08.29 17:17:12.667,2.3255,2.32605,4.40,7.90
2007.08.29 17:17:12.766,2.3255,2.32605,8.30,0.60
2007.08.29 17:17:12.910,2.3255,2.3261,8.30,0.50
2007.08.29 17:17:13.710,2.3257,2.3262,2.00,19.10
2007.08.29 17:17:13.723,2.3257,2.3262,2.00,19.10
2007.08.29 17:17:13.820,2.3257,2.3261,2.00,0.60
2007.08.29 17:17:14.140,2.3257,2.3262,2.00,14.30
2007.08.29 17:17:15.640,2.3257,2.3261,2.00,0.50
2007.08.29 17:17:15.735,2.3257,2.3262,2.00,17.80
2007.08.29 17:17:19.178,2.3256,2.3262,4.00,21.80
2007.08.29 17:17:19.702,2.3256,2.3262,4.00,21.80
2007.08.29 17:17:19.798,2.3256,2.3262,4.00,23.40
2007.08.29 17:17:19.904,2.3256,2.3261,4.00,0.80
2007.08.29 17:17:20.323,2.3256,2.326,4.00,5.40
2007.08.29 17:17:20.430,2.3255,2.3259,5.20,0.80
2007.08.29 17:17:20.732,2.3255,2.32605,10.70,6.40
2007.08.29 17:17:20.837,2.3255,2.32605,10.70,0.50
2007.08.29 17:17:20.923,2.3255,2.3261,10.70,0.50
2007.08.29 17:17:22.656,2.3256,2.3262,2.40,23.40
2007.08.29 17:17:22.774,2.3257,2.3262,2.00,22.60
2007.08.29 17:17:22.786,2.3257,2.3261,2.00,0.60
2007.08.29 17:17:23.030,2.3257,2.3262,2.00,17.80
2007.08.29 17:17:23.176,2.3257,2.3262,2.00,17.80
2007.08.29 17:17:23.186,2.3257,2.3262,2.00,17.80
2007.08.29 17:17:23.275,2.3257,2.3262,2.00,17.80
2007.08.29 17:17:23.502,2.3257,2.3262,2.00,17.80
2007.08.29 17:17:24.765,2.3257,2.32625,9.90,6.40
2007.08.29 17:17:24.937,2.3257,2.3262,9.90,0.90
2007.08.29 17:17:25.043,2.3257,2.32625,9.90,0.60
2007.08.29 17:17:25.294,2.3257,2.32635,9.90,23.50
2007.08.29 17:17:25.428,2.3257,2.32635,9.90,17.90
2007.08.29 17:17:25.669,2.3257,2.3262,7.50,4.40
2007.08.29 17:17:25.755,2.3257,2.3261,2.00,0.80
2007.08.29 17:17:34.224,2.3257,2.3261,4.40,3.90
2007.08.29 17:17:34.772,2.3259,2.32625,2.00,4.00
2007.08.29 17:17:35.108,2.3259,2.3263,2.00,11.10
2007.08.29 17:17:35.369,2.3259,2.3263,2.00,7.10
2007.08.29 17:17:36.200,2.3259,2.3263,2.00,11.90
2007.08.29 17:17:36.211,2.32575,2.3263,1.10,13.90
2007.08.29 17:17:36.305,2.32575,2.3263,0.80,13.90
2007.08.29 17:17:48.769,2.32575,2.3263,0.80,11.50
2007.08.29 17:17:50.677,2.3259,2.3263,2.00,7.10
2007.08.29 17:17:50.775,2.3259,2.3263,2.00,4.70
2007.08.29 17:17:53.238,2.3259,2.32635,2.00,9.50
2007.08.29 17:17:54.148,2.3259,2.3263,2.00,0.70
2007.08.29 17:17:54.166,2.3259,2.32635,4.40,4.70
2007.08.29 17:17:54.703,2.3259,2.32635,2.00,4.70
2007.08.29 17:18:02.187,2.3259,2.3264,2.00,13.00
2007.08.29 17:18:02.252,2.3258,2.3263,4.80,0.90
2007.08.29 17:18:02.334,2.3258,2.3263,4.00,0.70
2007.08.29 17:18:02.453,2.3257,2.32635,10.00,14.70
2007.08.29 17:18:02.570,2.3257,2.32635,9.90,14.70
2007.08.29 17:18:06.162,2.3257,2.32635,9.90,11.10
2007.08.29 17:18:06.262,2.3257,2.32635,13.90,0.60
2007.08.29 17:18:06.366,2.3258,2.32635,4.00,0.60
2007.08.29 17:18:06.391,2.3258,2.32635,4.00,0.80
2007.08.29 17:18:07.709,2.3259,2.32635,9.90,0.80
2007.08.29 17:18:14.356,2.3259,2.32645,9.90,1.60
2007.08.29 17:18:15.272,2.3259,2.3265,9.90,0.80
2007.08.29 17:18:18.138,2.3259,2.32655,12.30,10.30
2007.08.29 17:18:18.234,2.3261,2.32655,4.40,10.30
2007.08.29 17:18:18.249,2.3261,2.3265,4.40,0.50
2007.08.29 17:18:22.858,2.3261,2.3266,9.90,2.40
2007.08.29 17:18:29.612,2.3261,2.3266,12.30,2.40
2007.08.29 17:18:29.725,2.3261,2.3266,9.90,2.40
2007.08.29 17:18:30.224,2.3261,2.3266,8.30,2.40
2007.08.29 17:18:33.008,2.3261,2.3266,8.30,1.60
2007.08.29 17:18:33.032,2.3261,2.3266,8.30,0.80
2007.08.29 17:18:34.180,2.3261,2.3267,8.30,9.50
2007.08.29 17:18:36.651,2.3262,2.3267,7.90,4.00
2007.08.29 17:18:36.739,2.3262,2.3267,7.90,1.60
2007.08.29 17:18:36.748,2.3262,2.3267,9.90,1.60
2007.08.29 17:18:38.145,2.3262,2.3267,7.50,1.60
2007.08.29 17:18:38.268,2.3262,2.3266,2.00,3.90
2007.08.29 17:18:40.282,2.3261,2.3266,8.40,8.30
2007.08.29 17:18:40.427,2.32605,2.3266,8.60,8.30
2007.08.29 17:18:42.728,2.3261,2.3266,1.70,5.90
2007.08.29 17:18:42.741,2.3261,2.32665,12.30,0.80
2007.08.29 17:18:47.197,2.3262,2.3266,1.50,2.40
2007.08.29 17:18:47.244,2.3261,2.3266,1.50,8.30
2007.08.29 17:18:49.684,2.3261,2.3266,8.40,8.30
2007.08.29 17:18:49.747,2.3261,2.3266,8.40,5.90
2007.08.29 17:18:49.775,2.3262,2.32665,2.10,0.80
2007.08.29 17:18:50.609,2.3262,2.32665,0.70,0.80
2007.08.29 17:18:50.756,2.3261,2.3266,3.20,2.00
2007.08.29 17:18:50.790,2.326,2.3266,22.60,4.40
2007.08.29 17:18:50.829,2.326,2.3266,23.80,8.30
2007.08.29 17:18:53.248,2.3261,2.3266,0.60,10.70
2007.08.29 17:18:53.775,2.3261,2.3266,0.70,8.30
2007.08.29 17:18:54.235,2.326,2.3266,24.60,5.90
2007.08.29 17:18:54.293,2.3261,2.3266,6.00,6.30
2007.08.29 17:19:02.170,2.3262,2.3266,1.20,3.90
2007.08.29 17:19:02.705,2.3262,2.32665,0.70,0.80
2007.08.29 17:19:04.163,2.3262,2.3267,1.20,0.80
2007.08.29 17:19:05.297,2.3262,2.3267,5.10,0.80
2007.08.29 17:19:05.659,2.3262,2.3267,2.50,1.60
2007.08.29 17:19:05.762,2.32615,2.3266,11.50,0.80
2007.08.29 17:19:05.815,2.32615,2.3266,11.50,1.60
2007.08.29 17:19:06.171,2.3261,2.3266,20.80,2.40
2007.08.29 17:19:06.220,2.3261,2.3266,15.20,6.30
2007.08.29 17:19:06.310,2.3261,2.3266,17.60,5.50
2007.08.29 17:19:06.333,2.3261,2.3266,17.60,4.70
2007.08.29 17:19:06.521,2.32615,2.3266,6.00,3.90
2007.08.29 17:19:06.532,2.3262,2.3266,1.30,4.70
2007.08.29 17:19:06.646,2.3262,2.3266,1.40,4.70
2007.08.29 17:19:06.731,2.3261,2.3266,13.60,5.50
2007.08.29 17:19:06.740,2.3261,2.3266,9.60,6.30
2007.08.29 17:19:06.832,2.3261,2.3265,9.60,0.80
2007.08.29 17:19:06.867,2.3261,2.3265,9.60,1.60
2007.08.29 17:19:06.951,2.3262,2.3265,0.70,0.80
2007.08.29 17:19:07.036,2.3261,2.3266,9.60,4.70
2007.08.29 17:19:07.069,2.3261,2.3266,9.60,3.90
2007.08.29 17:19:08.079,2.3261,2.3266,9.60,4.70
2007.08.29 17:19:08.238,2.3262,2.3266,1.10,3.90
2007.08.29 17:19:08.268,2.3261,2.3266,9.60,4.70
2007.08.29 17:19:08.678,2.3261,2.3266,9.60,3.90
2007.08.29 17:19:17.266,2.3262,2.3266,2.00,4.70
2007.08.29 17:19:17.330,2.3262,2.3266,2.00,5.50
2007.08.29 17:19:17.635,2.3262,2.3266,2.00,6.30
2007.08.29 17:19:17.749,2.3262,2.3266,3.20,6.30
2007.08.29 17:19:17.857,2.3262,2.3266,8.70,2.40
2007.08.29 17:19:18.087,2.3262,2.3266,8.70,1.60
2007.08.29 17:19:18.090,2.3262,2.3266,8.70,0.80
2007.08.29 17:19:18.183,2.3262,2.3266,7.50,0.80
2007.08.29 17:19:18.209,2.3262,2.3266,7.50,3.20
2007.08.29 17:19:18.327,2.3261,2.3266,5.60,0.80
2007.08.29 17:19:18.433,2.3262,2.3267,4.00,11.90
2007.08.29 17:19:18.527,2.3261,2.3267,4.40,15.10
2007.08.29 17:19:18.677,2.3261,2.32665,4.40,0.80
2007.08.29 17:19:42.089,2.326,2.3264,5.50,2.40
2007.08.29 17:19:52.760,2.32595,2.3264,4.00,2.40
2007.08.29 17:19:52.807,2.3259,2.3264,4.00,2.40
2007.08.29 17:19:52.879,2.32585,2.3264,4.00,6.30
2007.08.29 17:19:53.111,2.3258,2.3264,19.50,6.30
2007.08.29 17:19:53.173,2.326,2.3264,2.00,6.30
2007.08.29 17:19:53.183,2.326,2.3264,2.00,3.90
2007.08.29 17:19:53.770,2.3259,2.3264,9.60,6.30
2007.08.29 17:19:53.817,2.3259,2.3264,8.00,6.30
2007.08.29 17:19:53.891,2.3259,2.3264,4.00,6.30
2007.08.29 17:19:54.184,2.3259,2.3263,4.00,2.40
2007.08.29 17:19:54.250,2.3259,2.3262,4.00,3.90
2007.08.29 17:19:54.363,2.32575,2.3262,4.00,3.90
2007.08.29 17:19:54.443,2.3257,2.3262,9.60,3.90
2007.08.29 17:19:54.769,2.3257,2.3261,9.60,2.00
2007.08.29 17:19:54.829,2.3257,2.3261,8.00,2.00
2007.08.29 17:19:55.074,2.3257,2.3261,4.00,2.00
2007.08.29 17:19:55.223,2.3257,2.3261,4.00,4.40
2007.08.29 17:19:55.252,2.3257,2.326,4.00,3.90
2007.08.29 17:19:55.534,2.3256,2.326,8.30,3.90
2007.08.29 17:19:56.195,2.3256,2.326,5.90,6.30
2007.08.29 17:19:56.248,2.3256,2.3259,5.90,2.40
2007.08.29 17:19:56.298,2.32545,2.3258,4.00,3.90
2007.08.29 17:19:56.537,2.3254,2.3258,6.30,3.90
2007.08.29 17:19:57.132,2.3254,2.3258,3.90,3.90
2007.08.29 17:19:57.250,2.3253,2.3258,9.60,3.90
2007.08.29 17:19:57.269,2.3253,2.3258,8.80,3.90
2007.08.29 17:19:57.361,2.3253,2.3258,10.40,3.90
2007.08.29 17:19:57.493,2.3253,2.3258,5.60,3.90
2007.08.29 17:19:57.777,2.3253,2.3258,5.60,6.30
2007.08.29 17:19:57.807,2.3253,2.3258,4.00,6.30
2007.08.29 17:19:58.188,2.3253,2.3257,4.00,2.40
2007.08.29 17:19:58.441,2.32525,2.3257,4.00,2.40
2007.08.29 17:19:58.597,2.3252,2.3257,6.30,2.40
2007.08.29 17:19:58.703,2.3252,2.3258,6.30,10.30
2007.08.29 17:19:58.757,2.3252,2.3258,5.50,10.30
2007.08.29 17:19:59.210,2.3252,2.3257,5.50,2.40
2007.08.29 17:19:59.278,2.32515,2.3257,4.00,2.40
2007.08.29 17:20:00.243,2.3252,2.3257,7.90,2.40
2007.08.29 17:20:00.279,2.3252,2.3258,7.90,10.30
2007.08.29 17:20:00.385,2.3252,2.3258,7.90,6.30
2007.08.29 17:20:00.673,2.3252,2.3258,5.50,7.10
2007.08.29 17:20:00.694,2.3252,2.3258,5.50,7.90
2007.08.29 17:20:00.884,2.3252,2.3258,5.50,8.70
2007.08.29 17:20:01.197,2.3252,2.3257,5.50,2.40
2007.08.29 17:20:01.213,2.32515,2.3257,4.00,2.40
2007.08.29 17:20:01.308,2.32515,2.3257,4.00,3.20
2007.08.29 17:20:01.334,2.32515,2.3257,4.00,4.00
2007.08.29 17:20:01.385,2.3251,2.32565,8.00,0.80
2007.08.29 17:20:01.428,2.3251,2.32565,4.00,0.80
2007.08.29 17:20:01.513,2.3251,2.3256,4.00,0.80
2007.08.29 17:20:01.540,2.32505,2.3256,4.00,1.60
2007.08.29 17:20:01.655,2.32505,2.3256,4.00,4.00
2007.08.29 17:20:01.677,2.325,2.3256,22.30,4.80
2007.08.29 17:20:01.719,2.325,2.3255,19.90,2.40
2007.08.29 17:20:01.760,2.325,2.3254,10.40,3.90
2007.08.29 17:20:01.931,2.325,2.3254,6.40,3.90
2007.08.29 17:20:01.972,2.325,2.3254,1.60,3.90
2007.08.29 17:20:02.068,2.3249,2.3254,11.10,3.90
2007.08.29 17:20:06.547,2.3249,2.3255,11.10,10.20
2007.08.29 17:20:08.312,2.3249,2.3255,11.10,10.20
2007.08.29 17:20:08.337,2.3249,2.3254,3.20,0.90
2007.08.29 17:20:10.248,2.3249,2.3255,3.20,11.80
2007.08.29 17:20:10.358,2.3249,2.3255,3.20,12.60
2007.08.29 17:20:10.449,2.3249,2.3255,3.20,14.20
2007.08.29 17:20:10.776,2.3249,2.3254,2.40,0.70
2007.08.29 17:20:11.353,2.32485,2.3255,0.80,22.20
2007.08.29 17:20:11.663,2.32485,2.3253,0.80,0.50
2007.08.29 17:20:11.691,2.32485,2.3253,0.80,4.80
2007.08.29 17:20:11.774,2.32485,2.3253,0.80,10.20
2007.08.29 17:20:12.006,2.3248,2.3252,4.00,0.50
2007.08.29 17:20:12.551,2.3247,2.3253,4.80,19.80
2007.08.29 17:20:14.188,2.3247,2.3252,2.40,0.80
2007.08.29 17:20:14.750,2.32455,2.3251,4.80,7.80
2007.08.29 17:20:14.813,2.32455,2.3251,4.80,10.20
2007.08.29 17:20:14.975,2.32455,2.3251,4.00,10.20
2007.08.29 17:20:15.719,2.32455,2.3248,4.00,0.50
2007.08.29 17:20:15.731,2.32455,2.3249,4.00,10.20
2007.08.29 17:20:15.789,2.3244,2.3249,3.90,10.20
2007.08.29 17:20:15.830,2.32435,2.3249,4.00,10.20
2007.08.29 17:20:17.081,2.3243,2.3249,7.20,10.20
2007.08.29 17:20:17.443,2.3243,2.3249,6.40,11.00
2007.08.29 17:20:17.492,2.3243,2.3248,5.60,0.90
2007.08.29 17:20:17.637,2.3243,2.3249,4.80,12.60
2007.08.29 17:20:18.321,2.3243,2.3248,2.40,10.30
2007.08.29 17:20:18.392,2.3243,2.3247,2.40,0.50
2007.08.29 17:20:18.755,2.3243,2.3245,2.40,0.80
2007.08.29 17:20:18.872,2.3241,2.3246,12.80,0.50
2007.08.29 17:20:18.993,2.3241,2.3247,17.60,7.80
2007.08.29 17:20:19.315,2.3241,2.3246,21.50,0.60
2007.08.29 17:20:19.387,2.3241,2.32475,21.50,11.10
2007.08.29 17:20:19.413,2.3241,2.3247,19.10,0.60
2007.08.29 17:20:19.496,2.3241,2.3247,18.30,0.70
2007.08.29 17:20:19.628,2.3241,2.32475,14.30,11.10
2007.08.29 17:20:19.654,2.32415,2.3247,4.00,0.60
2007.08.29 17:20:19.748,2.32415,2.3248,4.00,12.60
2007.08.29 17:20:19.840,2.3241,2.32465,9.50,0.50
2007.08.29 17:20:19.957,2.3241,2.32465,11.90,0.50
2007.08.29 17:20:20.052,2.3241,2.32465,10.30,0.90
2007.08.29 17:20:20.213,2.3241,2.32465,12.70,0.80
2007.08.29 17:20:20.232,2.3241,2.3247,16.70,0.90
2007.08.29 17:20:20.268,2.3243,2.32485,2.40,11.90
2007.08.29 17:20:20.478,2.3243,2.3248,6.40,0.70
2007.08.29 17:20:20.511,2.3243,2.32485,6.40,12.70
2007.08.29 17:20:20.694,2.3243,2.32485,6.40,11.10
2007.08.29 17:20:20.939,2.3243,2.3248,6.40,0.90
2007.08.29 17:20:21.021,2.3243,2.32485,6.40,7.90
2007.08.29 17:20:21.051,2.3243,2.32485,6.40,8.70
2007.08.29 17:20:21.359,2.3243,2.3248,4.00,11.90
2007.08.29 17:20:21.387,2.3243,2.3246,4.00,0.50
2007.08.29 17:20:21.455,2.3242,2.3247,6.40,6.30
2007.08.29 17:20:21.570,2.3242,2.3246,2.40,0.80
2007.08.29 17:20:21.671,2.3241,2.3246,7.90,0.60
2007.08.29 17:20:22.325,2.3241,2.3246,2.40,7.80
2007.08.29 17:20:23.718,2.3242,2.3245,2.40,0.60
2007.08.29 17:20:23.742,2.3243,2.3246,2.40,7.80
2007.08.29 17:20:23.838,2.3243,2.3247,2.40,15.00
2007.08.29 17:20:23.954,2.3243,2.32465,2.40,0.50
2007.08.29 17:20:24.224,2.3243,2.3248,2.40,14.20
2007.08.29 17:20:24.238,2.3243,2.3248,2.40,13.40
2007.08.29 17:20:24.275,2.3241,2.3248,13.50,15.80
2007.08.29 17:20:24.487,2.3241,2.3248,11.90,13.40
2007.08.29 17:20:24.642,2.3242,2.3247,2.40,0.90
2007.08.29 17:20:24.749,2.3243,2.3248,2.40,11.80
2007.08.29 17:20:24.964,2.3243,2.3247,2.40,0.50
2007.08.29 17:20:25.168,2.3242,2.32475,2.40,11.90
