2009.04.24 19:00:01.144,1.4236,1.4242,3.20,11.20
2009.04.24 19:00:01.204,1.4236,1.4242,4.80,6.40
2009.04.24 19:00:01.594,1.42365,1.4242,3.20,3.20
2009.04.24 19:00:01.934,1.4236,1.42415,9.60,3.20
2009.04.24 19:00:02.274,1.42375,1.4244,3.20,8.00
2009.04.24 19:00:02.573,1.42375,1.4245,3.20,11.20
2009.04.24 19:00:03.153,1.42375,1.4245,3.20,6.40
2009.04.24 19:00:03.683,1.4238,1.42445,3.20,3.20
2009.04.24 19:00:04.153,1.42385,1.42445,4.80,3.20
2009.04.24 19:00:04.423,1.4238,1.42435,4.80,3.20
2009.04.24 19:00:07.932,1.4238,1.4244,4.80,3.20
2009.04.24 19:00:10.161,1.42375,1.42435,4.80,3.20
2009.04.24 19:00:10.991,1.42375,1.4244,4.80,3.20
2009.04.24 19:00:11.511,1.42385,1.4244,1.60,3.20
2009.04.24 19:00:11.861,1.424,1.42445,3.20,6.40
2009.04.24 19:00:14.261,1.424,1.4246,3.20,3.20
2009.04.24 19:00:14.680,1.4239,1.42455,4.80,3.20
2009.04.24 19:00:14.960,1.42385,1.42455,8.00,3.20
2009.04.24 19:00:15.250,1.42385,1.4245,3.20,4.80
2009.04.24 19:00:15.990,1.4236,1.4244,11.20,4.80
2009.04.24 19:00:16.040,1.4236,1.42435,8.00,3.20
2009.04.24 19:00:16.210,1.4236,1.42435,4.80,3.20
2009.04.24 19:00:16.620,1.42385,1.4244,3.20,8.00
2009.04.24 19:00:16.850,1.42385,1.4244,3.20,3.20
2009.04.24 19:00:22.449,1.4241,1.4244,1.60,3.20
2009.04.24 19:00:22.799,1.42405,1.4245,6.40,3.20
2009.04.24 19:00:23.088,1.42415,1.4246,3.20,3.20
2009.04.24 19:00:24.118,1.42415,1.4247,3.20,3.20
2009.04.24 19:00:30.667,1.424,1.42445,3.20,3.20
2009.04.24 19:00:31.426,1.4241,1.42455,3.20,3.20
2009.04.24 19:00:32.856,1.42405,1.42445,3.20,3.20
2009.04.24 19:00:36.965,1.4241,1.42455,3.20,3.20
2009.04.24 19:00:48.232,1.42405,1.4245,3.20,3.20
2009.04.24 19:00:58.600,1.42425,1.4247,4.80,3.20
2009.04.24 19:00:59.010,1.42435,1.4248,3.20,3.20
2009.04.24 19:00:59.180,1.42435,1.4248,3.20,4.80
2009.04.24 19:00:59.640,1.42435,1.4248,3.20,3.20
2009.04.24 19:01:02.639,1.4243,1.42475,3.20,3.20
2009.04.24 19:01:03.229,1.42415,1.4247,3.20,3.20
2009.04.24 19:01:04.308,1.42425,1.4247,3.20,3.20
2009.04.24 19:01:14.036,1.42415,1.42475,8.00,3.20
2009.04.24 19:01:16.845,1.42415,1.4246,8.00,3.20
2009.04.24 19:01:17.015,1.42415,1.4246,3.20,3.20
2009.04.24 19:01:17.415,1.4241,1.4246,4.80,3.20
2009.04.24 19:01:17.815,1.42405,1.4246,3.20,3.20
2009.04.24 19:01:18.695,1.42405,1.4246,8.00,3.20
2009.04.24 19:01:20.754,1.42415,1.4246,3.20,3.20
2009.04.24 19:01:20.814,1.42415,1.42475,3.20,3.20
2009.04.24 19:01:21.234,1.42415,1.42475,8.00,3.20
2009.04.24 19:01:28.962,1.42415,1.4246,4.80,3.20
2009.04.24 19:01:29.652,1.42405,1.4246,8.00,3.20
2009.04.24 19:01:29.763,1.42405,1.4246,3.20,3.20
2009.04.24 19:01:30.802,1.4241,1.42465,3.20,3.20
2009.04.24 19:01:40.190,1.4242,1.42475,3.20,8.00
2009.04.24 19:01:40.369,1.4241,1.42465,8.00,3.20
2009.04.24 19:01:40.879,1.4241,1.42465,3.20,3.20
2009.04.24 19:01:55.136,1.4241,1.42455,3.20,1.00
2009.04.24 19:01:55.416,1.424,1.4244,4.80,3.20
2009.04.24 19:01:55.586,1.42395,1.4244,3.20,3.20
2009.04.24 19:02:04.634,1.42385,1.4243,3.20,3.20
2009.04.24 19:02:05.674,1.4239,1.42435,3.20,3.20
2009.04.24 19:02:07.753,1.42395,1.4244,3.20,3.20
2009.04.24 19:02:09.483,1.42385,1.4243,3.20,3.20
2009.04.24 19:02:13.442,1.4238,1.42425,3.20,3.20
2009.04.24 19:02:13.742,1.42375,1.4242,3.20,3.20
2009.04.24 19:02:15.851,1.42365,1.4242,3.20,3.20
2009.04.24 19:02:16.081,1.42375,1.4242,3.20,3.20
2009.04.24 19:02:16.621,1.42365,1.4242,3.20,3.20
2009.04.24 19:02:16.851,1.42375,1.4242,3.20,3.20
2009.04.24 19:02:16.971,1.42365,1.4242,3.20,3.20
2009.04.24 19:02:17.601,1.42375,1.4242,3.20,3.20
2009.04.24 19:02:18.171,1.42365,1.4242,3.20,3.20
2009.04.24 19:02:18.700,1.42375,1.4242,3.20,3.20
2009.04.24 19:02:19.420,1.42365,1.4242,3.20,3.20
2009.04.24 19:02:20.770,1.42375,1.4242,3.20,3.20
2009.04.24 19:02:21.290,1.42365,1.4242,3.20,3.20
2009.04.24 19:02:21.580,1.42375,1.4242,3.20,3.20
2009.04.24 19:02:26.809,1.42365,1.4241,3.20,3.20
2009.04.24 19:02:27.558,1.4237,1.42415,8.00,3.20
2009.04.24 19:02:27.958,1.4236,1.42405,3.20,3.20
2009.04.24 19:02:28.998,1.42355,1.424,3.20,3.20
2009.04.24 19:02:29.738,1.42345,1.4239,11.20,3.20
2009.04.24 19:02:30.188,1.42345,1.4239,6.40,3.20
2009.04.24 19:02:32.147,1.42345,1.4239,4.80,3.20
2009.04.24 19:02:32.257,1.42345,1.4239,3.20,3.20
2009.04.24 19:02:32.497,1.4235,1.42375,1.60,3.20
2009.04.24 19:02:32.907,1.42345,1.4239,4.80,8.00
2009.04.24 19:02:33.207,1.42345,1.4239,4.80,3.20
2009.04.24 19:02:34.686,1.4235,1.42395,3.20,3.20
2009.04.24 19:02:35.466,1.42355,1.424,3.20,3.20
2009.04.24 19:02:59.071,1.4236,1.42405,3.20,3.20
2009.04.24 19:02:59.591,1.42355,1.424,3.20,3.20
2009.04.24 19:03:00.940,1.42365,1.4241,3.20,8.00
2009.04.24 19:03:01.270,1.4236,1.42405,3.20,3.20
2009.04.24 19:03:01.800,1.42365,1.4241,3.20,3.20
2009.04.24 19:03:04.270,1.4238,1.42415,1.60,3.20
2009.04.24 19:03:04.620,1.4237,1.4242,8.00,3.20
2009.04.24 19:03:04.979,1.4237,1.4242,3.20,3.20
2009.04.24 19:03:05.379,1.4235,1.42405,6.40,3.20
2009.04.24 19:03:21.566,1.4236,1.42405,3.20,3.20
2009.04.24 19:03:21.905,1.4236,1.424,3.20,3.20
2009.04.24 19:03:22.315,1.4236,1.42405,6.40,3.20
2009.04.24 19:03:23.215,1.4236,1.42405,3.20,3.20
2009.04.24 19:03:23.495,1.4236,1.42405,6.40,3.20
2009.04.24 19:03:28.833,1.424,1.42435,1.60,3.20
2009.04.24 19:03:30.613,1.42375,1.4243,8.00,3.20
2009.04.24 19:03:30.783,1.42365,1.4243,3.20,3.20
2009.04.24 19:03:31.023,1.42365,1.42425,3.20,3.20
2009.04.24 19:03:34.452,1.4239,1.42425,1.60,3.20
2009.04.24 19:03:34.632,1.4239,1.42435,1.60,3.20
2009.04.24 19:03:39.541,1.4239,1.42435,6.40,6.40
2009.04.24 19:03:40.191,1.42395,1.42435,1.60,6.40
2009.04.24 19:03:40.371,1.42395,1.42435,3.20,3.20
2009.04.24 19:03:41.490,1.424,1.42435,1.60,3.20
2009.04.24 19:03:41.600,1.424,1.42435,3.20,3.20
2009.04.24 19:03:41.770,1.424,1.42445,3.20,6.40
2009.04.24 19:03:42.060,1.42395,1.42445,4.80,6.40
2009.04.24 19:03:42.180,1.42405,1.42445,3.20,3.20
2009.04.24 19:03:44.060,1.4241,1.42445,1.60,3.20
2009.04.24 19:03:44.990,1.424,1.42445,6.40,3.20
2009.04.24 19:03:45.230,1.424,1.42445,3.20,6.40
2009.04.24 19:03:50.988,1.424,1.42445,1.60,6.40
2009.04.24 19:03:51.108,1.42395,1.42445,6.40,6.40
2009.04.24 19:03:51.268,1.42395,1.4244,3.20,3.20
2009.04.24 19:03:53.788,1.42385,1.42425,3.20,3.20
2009.04.24 19:03:54.367,1.42375,1.42425,3.20,3.20
2009.04.24 19:04:00.416,1.42375,1.4242,4.80,3.20
2009.04.24 19:04:01.106,1.4239,1.4242,3.20,3.20
2009.04.24 19:04:01.276,1.4239,1.42445,6.40,3.20
2009.04.24 19:04:03.695,1.4239,1.4244,4.80,3.20
2009.04.24 19:04:03.915,1.42395,1.4243,1.60,3.20
2009.04.24 19:04:04.365,1.4239,1.4244,4.80,3.20
2009.04.24 19:04:14.153,1.424,1.4244,4.80,1.60
2009.04.24 19:04:14.682,1.424,1.42445,4.80,3.20
2009.04.24 19:04:15.202,1.4241,1.42455,3.20,6.40
2009.04.24 19:04:17.452,1.4242,1.42455,1.60,6.40
2009.04.24 19:04:17.572,1.42415,1.42455,4.80,3.20
2009.04.24 19:04:18.721,1.42415,1.4246,4.80,3.20
2009.04.24 19:04:24.430,1.4243,1.4246,1.60,3.20
2009.04.24 19:04:24.670,1.42425,1.42475,4.80,6.40
2009.04.24 19:04:25.750,1.42425,1.4247,3.20,3.20
2009.04.24 19:04:26.210,1.42415,1.4246,3.20,3.20
2009.04.24 19:04:26.659,1.42425,1.42465,3.20,3.20
2009.04.24 19:04:28.519,1.42415,1.4246,4.80,3.20
2009.04.24 19:04:32.468,1.42415,1.4246,6.40,3.20
2009.04.24 19:04:36.237,1.42415,1.4246,4.80,3.20
2009.04.24 19:04:36.467,1.42425,1.42465,3.20,3.20
2009.04.24 19:04:36.637,1.42425,1.4247,3.20,3.20
2009.04.24 19:04:39.766,1.42415,1.4246,6.40,3.20
2009.04.24 19:04:42.486,1.4243,1.4246,1.60,3.20
2009.04.24 19:04:42.536,1.42425,1.42465,4.80,3.20
2009.04.24 19:04:42.946,1.42425,1.42475,6.40,11.20
2009.04.24 19:04:43.046,1.42425,1.42475,6.40,6.40
2009.04.24 19:04:45.425,1.42425,1.4247,3.20,3.20
2009.04.24 19:04:45.545,1.42415,1.4246,6.40,3.20
2009.04.24 19:04:50.144,1.4243,1.42475,3.20,11.20
2009.04.24 19:04:50.374,1.42435,1.42475,8.00,5.60
2009.04.24 19:04:50.724,1.42435,1.4248,8.00,5.60
2009.04.24 19:04:52.593,1.42435,1.42475,8.00,5.60
2009.04.24 19:04:52.943,1.42435,1.4248,8.00,5.60
2009.04.24 19:04:56.942,1.42435,1.42475,8.00,5.60
2009.04.24 19:04:58.022,1.42435,1.42475,4.80,5.60
2009.04.24 19:04:58.262,1.42435,1.42475,4.80,4.80
2009.04.24 19:04:58.592,1.4244,1.42475,3.20,3.20
2009.04.24 19:04:58.922,1.4244,1.42485,3.20,3.20
2009.04.24 19:05:03.261,1.42435,1.42485,3.20,6.40
2009.04.24 19:05:05.740,1.42445,1.42485,1.60,6.40
2009.04.24 19:05:06.090,1.42445,1.42485,3.20,3.20
2009.04.24 19:05:06.200,1.42445,1.4249,3.20,3.20
2009.04.24 19:05:11.889,1.4246,1.4249,3.20,3.20
2009.04.24 19:05:12.338,1.4246,1.42495,3.20,3.20
2009.04.24 19:05:12.958,1.42475,1.42495,1.60,3.20
2009.04.24 19:05:13.188,1.42475,1.425,1.60,1.60
2009.04.24 19:05:13.658,1.42475,1.42505,1.60,3.20
2009.04.24 19:05:21.216,1.4245,1.42505,3.20,3.20
2009.04.24 19:05:21.846,1.4245,1.42495,3.20,1.00
2009.04.24 19:05:22.266,1.42445,1.42485,4.80,1.60
2009.04.24 19:05:22.436,1.42435,1.42485,3.20,3.20
2009.04.24 19:05:22.616,1.42435,1.42485,3.20,6.40
2009.04.24 19:05:30.984,1.4246,1.42485,1.60,4.80
2009.04.24 19:05:31.044,1.4246,1.42485,1.60,3.20
2009.04.24 19:05:31.154,1.4246,1.42495,1.60,5.60
2009.04.24 19:05:37.172,1.42455,1.42495,3.20,5.60
2009.04.24 19:05:37.532,1.42465,1.42495,1.60,2.40
2009.04.24 19:05:42.361,1.42465,1.42505,1.60,8.00
2009.04.24 19:05:42.481,1.42465,1.42505,1.60,6.40
2009.04.24 19:05:45.780,1.42455,1.42505,3.20,6.40
2009.04.24 19:05:56.688,1.4247,1.42505,1.60,6.40
2009.04.24 19:05:57.048,1.4247,1.42505,1.60,3.20
2009.04.24 19:06:01.447,1.4246,1.42505,4.80,3.20
2009.04.24 19:06:07.715,1.4247,1.42505,4.80,3.20
2009.04.24 19:06:08.075,1.4248,1.4251,1.60,4.00
2009.04.24 19:06:08.355,1.4244,1.42505,6.40,3.20
2009.04.24 19:06:11.354,1.4245,1.42505,6.40,6.40
2009.04.24 19:06:15.513,1.4245,1.42505,4.80,6.40
2009.04.24 19:06:15.633,1.42445,1.42495,4.80,3.20
2009.04.24 19:06:26.130,1.4244,1.4249,6.40,3.20
2009.04.24 19:06:26.250,1.4244,1.4249,4.80,3.20
2009.04.24 19:06:33.399,1.4245,1.4249,1.60,3.20
2009.04.24 19:06:33.509,1.42445,1.425,4.80,3.20
2009.04.24 19:06:33.799,1.42445,1.425,6.40,3.20
2009.04.24 19:06:36.108,1.42445,1.425,4.80,3.20
2009.04.24 19:06:36.168,1.42445,1.425,3.20,3.20
2009.04.24 19:06:36.398,1.4244,1.4249,4.80,3.20
2009.04.24 19:07:01.812,1.42435,1.42485,4.80,3.20
2009.04.24 19:07:20.128,1.42405,1.4245,3.20,3.20
2009.04.24 19:07:27.506,1.424,1.42445,3.20,3.20
2009.04.24 19:07:36.294,1.424,1.4245,3.20,3.20
2009.04.24 19:07:37.503,1.42405,1.4245,3.20,3.20
2009.04.24 19:07:38.413,1.424,1.4245,3.20,3.20
2009.04.24 19:07:40.093,1.424,1.42445,3.20,3.20
2009.04.24 19:07:40.792,1.42405,1.42445,1.60,3.20
2009.04.24 19:07:41.082,1.42405,1.42455,11.20,3.20
2009.04.24 19:07:43.952,1.42425,1.42455,1.60,3.20
2009.04.24 19:07:44.302,1.42435,1.4247,4.80,4.80
2009.04.24 19:07:44.472,1.42455,1.42505,1.60,11.20
2009.04.24 19:07:44.832,1.4246,1.42505,1.60,3.20
2009.04.24 19:07:45.002,1.42465,1.42525,6.40,6.40
2009.04.24 19:07:50.372,1.42465,1.42515,4.80,6.40
2009.04.24 19:07:50.590,1.4247,1.4251,1.60,3.20
2009.04.24 19:07:50.940,1.42465,1.4251,3.20,3.20
2009.04.24 19:07:51.060,1.42465,1.42515,6.40,6.40
2009.04.24 19:07:51.180,1.42465,1.42515,6.40,3.20
2009.04.24 19:07:51.650,1.42465,1.42515,6.40,6.40
2009.04.24 19:07:52.560,1.42465,1.42515,11.20,6.40
2009.04.24 19:07:55.179,1.42465,1.42515,6.40,6.40
2009.04.24 19:07:55.399,1.42465,1.42515,11.20,6.40
2009.04.24 19:07:55.919,1.42465,1.42515,8.00,6.40
2009.04.24 19:07:56.039,1.42465,1.42515,3.20,6.40
2009.04.24 19:07:56.209,1.42465,1.4251,1.60,3.20
2009.04.24 19:07:59.068,1.42465,1.42515,8.00,6.40
2009.04.24 19:07:59.248,1.42465,1.42515,11.20,6.40
2009.04.24 19:07:59.758,1.42465,1.42515,6.40,6.40
2009.04.24 19:08:00.048,1.42465,1.42515,11.20,3.20
2009.04.24 19:08:00.558,1.42465,1.42515,11.20,6.40
2009.04.24 19:08:01.268,1.42465,1.42515,11.20,3.20
2009.04.24 19:08:01.788,1.42485,1.42525,3.20,10.40
2009.04.24 19:08:01.967,1.42485,1.4252,4.80,4.80
2009.04.24 19:08:02.427,1.42485,1.42555,9.60,6.40
2009.04.24 19:08:02.827,1.42495,1.42555,9.60,3.20
2009.04.24 19:08:03.387,1.4251,1.42565,3.20,3.20
2009.04.24 19:08:03.667,1.4251,1.42555,4.80,3.20
2009.04.24 19:08:07.576,1.4251,1.4256,4.80,3.20
2009.04.24 19:08:09.906,1.42515,1.42565,3.20,11.20
2009.04.24 19:08:10.346,1.42505,1.42565,3.20,11.20
2009.04.24 19:08:10.515,1.425,1.4255,3.20,3.20
2009.04.24 19:08:10.865,1.425,1.4255,4.80,3.20
2009.04.24 19:08:11.045,1.42505,1.42555,4.80,3.20
2009.04.24 19:08:12.375,1.425,1.4255,3.20,3.20
2009.04.24 19:08:12.495,1.42495,1.42545,9.60,3.20
2009.04.24 19:08:12.885,1.425,1.4255,3.20,8.00
2009.04.24 19:08:13.055,1.425,1.4255,3.20,3.20
2009.04.24 19:08:15.404,1.42495,1.42545,9.60,3.20
2009.04.24 19:08:15.514,1.42495,1.42545,4.80,3.20
2009.04.24 19:08:18.573,1.42495,1.42545,9.60,3.20
2009.04.24 19:08:18.744,1.42495,1.42545,4.80,3.20
2009.04.24 19:08:19.164,1.42495,1.42545,9.60,3.20
2009.04.24 19:08:23.123,1.425,1.4255,3.20,3.20
2009.04.24 19:08:23.182,1.4251,1.4255,1.60,3.20
2009.04.24 19:08:23.522,1.42495,1.42545,9.60,3.20
2009.04.24 19:08:26.411,1.42505,1.42545,1.60,3.20
2009.04.24 19:08:26.471,1.42505,1.42545,3.20,3.20
2009.04.24 19:08:26.771,1.42505,1.4255,3.20,3.20
2009.04.24 19:08:27.831,1.4251,1.4255,1.60,3.20
2009.04.24 19:08:28.001,1.42485,1.42535,8.00,3.20
2009.04.24 19:08:28.341,1.42485,1.42535,3.20,3.20
2009.04.24 19:08:41.648,1.4249,1.4254,6.40,3.20
2009.04.24 19:08:46.947,1.42495,1.42545,4.80,3.20
2009.04.24 19:08:47.406,1.42495,1.42545,9.60,3.20
2009.04.24 19:08:50.096,1.4251,1.42545,1.60,3.20
2009.04.24 19:08:50.266,1.42505,1.42555,4.80,6.40
2009.04.24 19:08:50.746,1.42505,1.42555,6.40,3.20
2009.04.24 19:08:51.145,1.42505,1.42555,4.80,3.20
2009.04.24 19:08:54.425,1.4251,1.42555,4.80,3.20
2009.04.24 19:08:54.715,1.42515,1.4256,3.20,3.20
2009.04.24 19:08:58.434,1.4253,1.4257,1.60,3.20
2009.04.24 19:08:58.604,1.42525,1.42575,4.80,6.40
2009.04.24 19:08:59.773,1.42525,1.42575,4.80,3.20
2009.04.24 19:09:02.043,1.42535,1.4259,3.20,3.20
2009.04.24 19:09:02.953,1.4255,1.4259,1.60,3.20
2009.04.24 19:09:03.412,1.4255,1.42605,4.80,1.60
2009.04.24 19:09:03.583,1.42545,1.42605,4.80,3.20
2009.04.24 19:09:04.193,1.4255,1.42605,3.20,3.20
2009.04.24 19:09:11.381,1.4256,1.4261,4.80,3.20
2009.04.24 19:09:14.320,1.42555,1.42605,8.00,3.20
2009.04.24 19:09:14.700,1.4256,1.4261,3.20,3.20
2009.04.24 19:09:18.349,1.42575,1.4262,3.20,4.80
2009.04.24 19:09:18.459,1.42575,1.4263,3.20,3.20
2009.04.24 19:09:19.749,1.4258,1.4263,3.20,3.20
2009.04.24 19:09:22.638,1.42575,1.4263,3.20,3.20
2009.04.24 19:09:22.918,1.4258,1.4263,3.20,3.20
2009.04.24 19:09:32.755,1.4256,1.4262,3.20,3.20
2009.04.24 19:09:39.574,1.4256,1.42615,3.20,1.60
2009.04.24 19:09:39.854,1.42555,1.42605,3.20,3.20
2009.04.24 19:09:42.293,1.42575,1.42625,3.20,6.40
2009.04.24 19:09:42.633,1.42575,1.42625,3.20,3.20
2009.04.24 19:09:44.393,1.4258,1.4263,3.20,3.20
2009.04.24 19:09:59.109,1.4257,1.4262,3.20,3.20
2009.04.24 19:10:07.197,1.4254,1.426,6.40,3.20
2009.04.24 19:10:07.497,1.4254,1.426,3.20,3.20
2009.04.24 19:10:16.645,1.42555,1.42605,3.20,3.20
2009.04.24 19:10:31.671,1.42525,1.42585,12.80,3.20
2009.04.24 19:10:41.169,1.4252,1.4257,8.00,3.20
2009.04.24 19:10:41.389,1.4252,1.4257,3.20,3.20
2009.04.24 19:10:41.729,1.42525,1.42575,3.20,4.80
2009.04.24 19:10:41.779,1.42525,1.42575,3.20,3.20
2009.04.24 19:10:41.959,1.4252,1.4257,12.80,3.20
2009.04.24 19:10:42.239,1.4252,1.4257,8.00,3.20
2009.04.24 19:10:52.066,1.4252,1.4257,8.00,4.80
2009.04.24 19:10:52.507,1.42515,1.42565,8.00,3.20
2009.04.24 19:10:52.566,1.4251,1.4256,8.00,3.20
2009.04.24 19:10:52.726,1.42515,1.42565,3.20,3.20
2009.04.24 19:10:54.106,1.4251,1.4256,3.20,3.20
2009.04.24 19:10:54.636,1.42515,1.42565,3.20,3.20
2009.04.24 19:10:54.865,1.4251,1.4256,8.00,3.20
2009.04.24 19:10:55.026,1.4251,1.4256,3.20,3.20
2009.04.24 19:10:55.375,1.4251,1.4256,8.00,3.20
2009.04.24 19:10:55.895,1.4251,1.4256,3.20,3.20
2009.04.24 19:10:56.005,1.42515,1.42565,3.20,3.20
2009.04.24 19:10:56.185,1.42515,1.4256,3.20,1.60
2009.04.24 19:10:56.595,1.4251,1.4255,4.80,4.80
2009.04.24 19:10:56.715,1.425,1.4255,3.20,3.20
2009.04.24 19:11:01.984,1.42495,1.42545,3.20,3.20
2009.04.24 19:11:02.274,1.425,1.4255,3.20,3.20
2009.04.24 19:11:06.723,1.425,1.4255,3.20,6.40
2009.04.24 19:11:06.783,1.42495,1.4254,6.40,3.20
2009.04.24 19:11:07.133,1.42495,1.4254,3.20,3.20
2009.04.24 19:11:07.813,1.42485,1.42535,6.40,3.20
2009.04.24 19:11:07.932,1.42485,1.42535,3.20,3.20
2009.04.24 19:11:15.321,1.4248,1.4253,3.20,3.20
2009.04.24 19:11:16.741,1.42485,1.42535,3.20,3.20
2009.04.24 19:11:17.270,1.4248,1.4253,3.20,3.20
2009.04.24 19:11:35.156,1.4249,1.4254,3.20,3.20
2009.04.24 19:11:35.666,1.4248,1.4253,8.00,3.20
2009.04.24 19:11:35.956,1.4248,1.4253,3.20,3.20
2009.04.24 19:11:40.485,1.42485,1.42535,3.20,3.20
2009.04.24 19:11:41.194,1.4248,1.4253,3.20,3.20
2009.04.24 19:11:50.522,1.42485,1.4254,3.20,3.20
2009.04.24 19:11:54.261,1.42495,1.4254,3.20,3.20
2009.04.24 19:11:54.711,1.4251,1.42565,3.20,2.40
2009.04.24 19:11:55.281,1.4251,1.42575,3.20,3.20
2009.04.24 19:11:55.391,1.4251,1.42575,9.60,3.20
2009.04.24 19:11:55.741,1.42515,1.4257,6.40,3.20
2009.04.24 19:11:55.851,1.42515,1.4257,3.20,3.20
2009.04.24 19:11:58.640,1.42515,1.4257,6.40,3.20
2009.04.24 19:11:58.970,1.42515,1.4257,3.20,3.20
2009.04.24 19:11:59.210,1.4252,1.4257,3.20,3.20
2009.04.24 19:11:59.510,1.42515,1.4257,3.20,3.20
2009.04.24 19:12:00.140,1.42505,1.4256,9.60,3.20
2009.04.24 19:12:00.480,1.42505,1.4256,3.20,3.20
2009.04.24 19:12:01.000,1.42515,1.4257,3.20,8.00
2009.04.24 19:12:01.179,1.42515,1.4257,3.20,3.20
2009.04.24 19:12:03.089,1.4252,1.4257,3.20,3.20
2009.04.24 19:12:03.150,1.42505,1.4256,6.40,3.20
2009.04.24 19:12:05.588,1.42515,1.42565,3.20,3.20
2009.04.24 19:12:05.699,1.42505,1.4256,6.40,3.20
2009.04.24 19:12:05.980,1.42505,1.42565,6.40,3.20
2009.04.24 19:12:13.027,1.42515,1.4257,3.20,8.00
2009.04.24 19:12:13.137,1.4251,1.42565,4.80,3.20
2009.04.24 19:12:13.487,1.42505,1.42565,11.20,3.20
2009.04.24 19:12:13.657,1.42505,1.42565,6.40,3.20
2009.04.24 19:12:21.975,1.42505,1.42565,9.60,3.20
2009.04.24 19:12:22.085,1.4252,1.4257,3.20,3.20
2009.04.24 19:12:26.164,1.42525,1.4259,3.20,3.20
2009.04.24 19:12:30.992,1.4253,1.4259,1.60,3.20
2009.04.24 19:12:31.102,1.4254,1.42595,3.20,11.20
2009.04.24 19:12:31.272,1.4254,1.42595,3.20,6.40
2009.04.24 19:12:31.672,1.4254,1.42595,3.20,3.20
2009.04.24 19:12:31.962,1.4254,1.42595,3.20,6.40
2009.04.24 19:12:32.312,1.42545,1.42595,3.20,3.20
2009.04.24 19:12:32.712,1.42545,1.426,3.20,3.20
2009.04.24 19:12:32.942,1.4254,1.42595,3.20,3.20
2009.04.24 19:12:33.122,1.42545,1.426,3.20,3.20
2009.04.24 19:12:33.352,1.4254,1.42595,3.20,3.20
2009.04.24 19:12:33.972,1.42545,1.426,3.20,3.20
2009.04.24 19:13:01.885,1.42545,1.42575,3.20,3.20
2009.04.24 19:13:02.235,1.42535,1.42575,4.80,6.40
2009.04.24 19:13:02.585,1.42515,1.42565,3.20,3.20
2009.04.24 19:13:02.985,1.42515,1.42565,3.20,6.40
2009.04.24 19:13:03.335,1.42515,1.42565,3.20,6.40
2009.04.24 19:13:07.454,1.4252,1.42565,3.20,6.40
2009.04.24 19:13:10.123,1.42515,1.42565,3.20,6.40
2009.04.24 19:13:12.053,1.4251,1.42565,3.20,6.40
2009.04.24 19:13:15.322,1.4251,1.42565,3.20,3.20
2009.04.24 19:13:17.761,1.42505,1.4256,3.20,3.20
2009.04.24 19:13:20.151,1.42505,1.4256,3.20,6.40
2009.04.24 19:13:20.440,1.425,1.42555,3.20,3.20
2009.04.24 19:13:22.710,1.425,1.42555,3.20,6.40
2009.04.24 19:13:23.470,1.42505,1.42555,3.20,6.40
2009.04.24 19:13:23.529,1.42505,1.42555,3.20,3.20
2009.04.24 19:13:38.866,1.4249,1.42555,8.00,6.40
2009.04.24 19:13:38.986,1.42495,1.42555,3.20,3.20
2009.04.24 19:13:39.276,1.4249,1.42555,4.80,6.40
2009.04.24 19:13:39.626,1.4248,1.42555,8.00,11.20
2009.04.24 19:13:40.616,1.4248,1.42555,8.00,8.00
2009.04.24 19:13:40.906,1.4248,1.42555,8.00,11.20
2009.04.24 19:13:47.684,1.4248,1.4255,3.20,4.80
2009.04.24 19:13:52.352,1.42495,1.4255,1.60,4.80
2009.04.24 19:13:52.523,1.42505,1.4255,3.20,4.80
2009.04.24 19:13:52.993,1.42485,1.42555,4.80,3.20
2009.04.24 19:13:53.053,1.42475,1.42555,4.80,3.20
2009.04.24 19:13:53.522,1.4248,1.4255,3.20,4.80
2009.04.24 19:13:57.282,1.4248,1.4254,3.20,4.80
2009.04.24 19:13:57.691,1.4248,1.42545,3.20,4.80
2009.04.24 19:14:00.801,1.42475,1.42535,3.20,2.40
2009.04.24 19:14:01.031,1.42475,1.4253,3.20,2.40
2009.04.24 19:14:02.001,1.4247,1.4253,3.20,3.20
2009.04.24 19:14:02.060,1.4247,1.4253,3.20,4.00
2009.04.24 19:14:02.120,1.4247,1.4253,3.20,5.60
2009.04.24 19:14:02.410,1.4247,1.4252,3.20,3.20
2009.04.24 19:14:03.760,1.4247,1.42505,3.20,1.60
2009.04.24 19:14:04.260,1.4247,1.42515,3.20,7.20
2009.04.24 19:14:04.850,1.4247,1.42505,3.20,2.40
2009.04.24 19:14:06.769,1.42455,1.42505,3.20,2.40
2009.04.24 19:14:07.059,1.4247,1.42505,3.20,2.40
2009.04.24 19:14:09.189,1.42455,1.42505,3.20,2.40
2009.04.24 19:14:09.479,1.42445,1.42505,3.20,4.80
2009.04.24 19:14:09.658,1.42445,1.42505,3.20,2.40
2009.04.24 19:14:10.868,1.42445,1.42515,3.20,6.40
2009.04.24 19:14:11.858,1.42445,1.42515,3.20,11.20
2009.04.24 19:14:12.378,1.42445,1.42505,3.20,3.20
2009.04.24 19:14:12.878,1.42445,1.42505,3.20,1.00
2009.04.24 19:14:13.228,1.42445,1.42505,3.20,4.80
2009.04.24 19:14:13.518,1.42445,1.425,3.20,4.80
2009.04.24 19:14:17.197,1.4246,1.425,3.20,4.80
2009.04.24 19:14:17.377,1.4247,1.425,3.20,4.80
2009.04.24 19:14:17.737,1.4247,1.4251,3.20,7.20
2009.04.24 19:14:17.906,1.4246,1.42505,3.20,2.40
2009.04.24 19:14:18.067,1.42455,1.42505,3.20,2.40
2009.04.24 19:14:18.467,1.42445,1.42505,3.20,2.40
2009.04.24 19:14:19.276,1.42445,1.425,3.20,4.80
2009.04.24 19:14:23.595,1.42445,1.42495,3.20,4.80
2009.04.24 19:14:23.895,1.42445,1.42505,3.20,8.00
2009.04.24 19:14:24.005,1.42445,1.42505,9.60,8.00
2009.04.24 19:14:24.295,1.4246,1.42505,3.20,8.00
2009.04.24 19:14:24.845,1.4246,1.42515,3.20,11.20
2009.04.24 19:14:27.394,1.42445,1.4251,3.20,4.80
2009.04.24 19:14:27.514,1.42445,1.42505,3.20,3.20
2009.04.24 19:14:29.574,1.42445,1.42505,3.20,6.40
2009.04.24 19:14:30.204,1.4245,1.42505,4.80,11.20
2009.04.24 19:14:30.654,1.4245,1.42505,6.40,8.00
2009.04.24 19:14:31.103,1.42455,1.42515,8.00,3.20
2009.04.24 19:14:31.444,1.42455,1.42515,9.60,3.20
2009.04.24 19:14:42.210,1.42465,1.42525,9.60,9.60
2009.04.24 19:14:42.731,1.42465,1.42525,4.80,9.60
2009.04.24 19:14:44.110,1.42465,1.42525,4.80,11.20
2009.04.24 19:14:44.450,1.42455,1.4252,4.80,8.00
2009.04.24 19:14:45.200,1.42465,1.42515,3.20,3.20
2009.04.24 19:14:45.370,1.42465,1.42525,4.80,14.40
2009.04.24 19:14:47.999,1.42475,1.42525,3.20,3.20
2009.04.24 19:14:59.317,1.4246,1.42515,3.20,8.00
2009.04.24 19:14:59.667,1.4246,1.42515,3.20,11.20
2009.04.24 19:15:05.505,1.4246,1.42515,3.20,6.40
2009.04.24 19:15:05.915,1.42465,1.42515,3.20,6.40
2009.04.24 19:15:44.166,1.42465,1.42515,3.20,3.20
2009.04.24 19:15:48.505,1.4248,1.42525,3.20,8.00
2009.04.24 19:15:48.795,1.4248,1.4252,3.20,4.80
2009.04.24 19:15:48.964,1.4247,1.4253,3.20,16.00
2009.04.24 19:15:49.195,1.4247,1.42525,3.20,4.80
2009.04.24 19:15:49.425,1.4248,1.42525,3.20,4.80
2009.04.24 19:15:49.774,1.4248,1.4253,3.20,8.00
2009.04.24 19:15:51.324,1.42475,1.42525,3.20,3.20
2009.04.24 19:16:06.100,1.4247,1.4252,3.20,3.20
2009.04.24 19:16:21.837,1.42465,1.4252,3.20,3.20
2009.04.24 19:16:25.956,1.42475,1.4252,1.60,3.20
2009.04.24 19:16:26.116,1.4247,1.42525,9.60,8.00
2009.04.24 19:16:26.465,1.4247,1.42525,4.80,3.20
2009.04.24 19:16:26.635,1.4247,1.42525,3.20,6.40
2009.04.24 19:16:26.745,1.42465,1.42525,3.20,6.40
2009.04.24 19:16:32.404,1.4246,1.4252,4.80,3.20
2009.04.24 19:16:33.434,1.42465,1.42525,3.20,6.40
2009.04.24 19:16:36.143,1.42465,1.42525,3.20,8.80
2009.04.24 19:16:41.342,1.42465,1.4252,3.20,4.00
2009.04.24 19:16:41.862,1.42465,1.42515,3.20,2.40
2009.04.24 19:16:41.912,1.4246,1.42515,3.20,3.20
2009.04.24 19:16:42.212,1.4246,1.42515,3.20,7.20
2009.04.24 19:16:42.372,1.4246,1.42515,3.20,8.80
2009.04.24 19:16:42.941,1.4246,1.42505,3.20,2.40
2009.04.24 19:16:48.550,1.4246,1.42505,3.20,2.40
2009.04.24 19:16:56.538,1.4246,1.425,3.20,1.00
2009.04.24 19:16:56.808,1.42455,1.425,3.20,1.00
2009.04.24 19:16:56.928,1.42455,1.425,3.20,2.40
2009.04.24 19:16:59.487,1.42455,1.425,3.20,4.00
2009.04.24 19:17:04.876,1.4245,1.42505,3.20,8.00
2009.04.24 19:17:05.296,1.42455,1.42505,3.20,3.20
2009.04.24 19:17:05.816,1.4245,1.4251,3.20,3.20
2009.04.24 19:17:11.445,1.42455,1.42515,3.20,11.20
2009.04.24 19:17:11.565,1.42455,1.42515,3.20,6.40
2009.04.24 19:17:11.675,1.42455,1.42515,3.20,3.20
2009.04.24 19:17:14.624,1.42455,1.42515,3.20,6.40
2009.04.24 19:17:17.853,1.42455,1.42515,3.20,11.20
2009.04.24 19:17:18.313,1.42455,1.42515,3.20,6.40
2009.04.24 19:17:26.141,1.42455,1.4251,3.20,4.80
2009.04.24 19:17:26.661,1.4245,1.4251,3.20,8.00
2009.04.24 19:17:26.891,1.4245,1.4251,3.20,3.20
2009.04.24 19:17:36.418,1.42445,1.425,3.20,3.20
2009.04.24 19:17:36.759,1.42445,1.425,3.20,5.60
2009.04.24 19:17:38.758,1.42445,1.425,3.20,4.00
2009.04.24 19:17:38.878,1.42445,1.425,3.20,3.20
2009.04.24 19:17:40.148,1.4245,1.42505,3.20,8.00
2009.04.24 19:17:40.427,1.4245,1.4251,3.20,3.20
2009.04.24 19:17:41.707,1.4245,1.4251,3.20,6.40
2009.04.24 19:17:42.117,1.4244,1.425,14.40,3.20
2009.04.24 19:17:42.517,1.4244,1.425,11.20,3.20
2009.04.24 19:17:42.797,1.4244,1.4249,9.60,1.00
2009.04.24 19:17:43.557,1.4244,1.42495,9.60,7.20
2009.04.24 19:17:43.617,1.4244,1.4249,6.40,3.20
2009.04.24 19:17:44.057,1.4243,1.4249,9.60,5.60
2009.04.24 19:17:44.527,1.4243,1.4249,9.60,10.40
2009.04.24 19:17:45.097,1.4243,1.4249,9.60,3.20
2009.04.24 19:17:47.566,1.4244,1.4249,1.60,8.00
2009.04.24 19:17:48.036,1.4243,1.4249,11.20,8.00
2009.04.24 19:17:50.615,1.4243,1.4248,11.20,1.00
2009.04.24 19:17:50.785,1.4243,1.42475,11.20,1.00
2009.04.24 19:17:51.195,1.4243,1.42475,11.20,2.40
2009.04.24 19:17:52.055,1.4243,1.42475,8.00,2.40
2009.04.24 19:17:52.755,1.4243,1.42485,3.20,6.40
2009.04.24 19:17:53.155,1.4243,1.42485,11.20,7.20
2009.04.24 19:17:53.555,1.4243,1.42485,8.00,10.40
2009.04.24 19:17:54.304,1.4243,1.42485,4.80,10.40
2009.04.24 19:17:54.654,1.4243,1.42485,4.80,13.60
2009.04.24 19:17:55.684,1.42425,1.42485,8.00,13.60
2009.04.24 19:17:56.304,1.4243,1.42485,4.80,13.60
2009.04.24 19:17:56.883,1.4243,1.42485,4.80,16.80
2009.04.24 19:17:59.303,1.4243,1.42485,4.80,13.60
2009.04.24 19:18:00.323,1.4243,1.42485,4.80,12.80
2009.04.24 19:18:00.663,1.42425,1.42485,3.20,12.80
2009.04.24 19:18:00.893,1.42425,1.42485,3.20,6.40
2009.04.24 19:18:01.003,1.42425,1.42485,3.20,9.60
2009.04.24 19:18:01.303,1.42425,1.42485,3.20,6.40
2009.04.24 19:18:03.002,1.42425,1.42485,3.20,9.60
2009.04.24 19:18:03.822,1.4243,1.42485,1.60,9.60
2009.04.24 19:18:04.273,1.4243,1.42485,6.40,6.40
2009.04.24 19:18:07.911,1.4243,1.42485,6.40,3.20
2009.04.24 19:18:09.201,1.4243,1.4248,6.40,3.20
2009.04.24 19:18:09.431,1.4244,1.42495,3.20,11.20
2009.04.24 19:18:09.721,1.4244,1.42495,3.20,6.40
2009.04.24 19:18:25.856,1.42445,1.42505,3.20,6.40
2009.04.24 19:18:29.196,1.42445,1.42505,3.20,3.20
2009.04.24 19:18:29.316,1.42445,1.42505,3.20,8.00
2009.04.24 19:18:29.426,1.42445,1.42505,3.20,11.20
2009.04.24 19:18:29.926,1.42445,1.425,3.20,4.80
2009.04.24 19:18:33.025,1.42445,1.42505,3.20,11.20
2009.04.24 19:18:34.455,1.42445,1.42505,3.20,8.00
2009.04.24 19:18:34.726,1.42445,1.42505,3.20,11.20
2009.04.24 19:18:35.864,1.42445,1.42505,3.20,6.40
2009.04.24 19:18:36.034,1.42445,1.42505,3.20,11.20
2009.04.24 19:18:36.914,1.4244,1.42495,3.20,3.20
2009.04.24 19:18:37.194,1.4244,1.42495,3.20,6.40
2009.04.24 19:18:44.402,1.4244,1.42495,3.20,3.20
2009.04.24 19:18:46.192,1.42435,1.4249,4.80,3.20
2009.04.24 19:18:46.312,1.42435,1.4249,3.20,3.20
2009.04.24 19:18:47.741,1.42435,1.4249,3.20,8.00
2009.04.24 19:18:59.698,1.42435,1.4249,3.20,3.20
2009.04.24 19:19:23.773,1.42435,1.4249,3.20,3.20
2009.04.24 19:19:23.893,1.42435,1.4249,3.20,8.00
2009.04.24 19:19:28.941,1.42435,1.4249,3.20,3.20
2009.04.24 19:19:50.426,1.42435,1.4249,6.40,3.20
2009.04.24 19:19:50.826,1.4244,1.42495,3.20,6.40
2009.04.24 19:19:51.046,1.4244,1.42495,3.20,3.20
2009.04.24 19:19:58.974,1.42445,1.42495,1.60,3.20
2009.04.24 19:19:59.034,1.42445,1.425,6.40,3.20
2009.04.24 19:19:59.494,1.4244,1.42495,3.20,3.20
2009.04.24 19:19:59.674,1.4245,1.42495,1.60,3.20
2009.04.24 19:19:59.784,1.42445,1.425,6.40,3.20
2009.04.24 19:20:03.433,1.42445,1.425,4.80,3.20
2009.04.24 19:20:03.613,1.42445,1.425,3.20,3.20
2009.04.24 19:20:47.132,1.4245,1.42505,3.20,11.20
2009.04.24 19:20:47.252,1.4245,1.42505,3.20,6.40
2009.04.24 19:20:47.372,1.4245,1.42505,3.20,3.20
2009.04.24 19:20:48.372,1.42445,1.425,3.20,3.20
2009.04.24 19:20:49.402,1.42445,1.425,4.80,3.20
2009.04.24 19:20:49.572,1.4245,1.42505,4.80,11.20
2009.04.24 19:20:49.792,1.4246,1.42505,3.20,3.20
2009.04.24 19:20:49.962,1.4246,1.4251,3.20,4.80
2009.04.24 19:20:50.202,1.4246,1.4251,3.20,1.60
2009.04.24 19:20:50.592,1.4246,1.42515,3.20,2.40
2009.04.24 19:20:50.872,1.4246,1.4253,3.20,4.80
2009.04.24 19:20:54.301,1.4246,1.4251,4.80,4.80
2009.04.24 19:20:54.471,1.42455,1.4252,3.20,4.80
2009.04.24 19:21:02.499,1.4245,1.4252,3.20,4.80
2009.04.24 19:21:07.228,1.42445,1.42515,4.80,1.60
2009.04.24 19:21:07.518,1.42445,1.42505,6.40,3.20
2009.04.24 19:21:08.048,1.42445,1.42505,4.80,3.20
2009.04.24 19:21:08.617,1.42455,1.425,8.00,1.60
2009.04.24 19:21:08.797,1.42445,1.42505,4.80,3.20
2009.04.24 19:21:09.257,1.42435,1.42505,4.80,3.20
2009.04.24 19:21:09.477,1.42435,1.4251,4.80,4.80
2009.04.24 19:21:09.657,1.4244,1.42515,8.00,8.00
2009.04.24 19:21:10.127,1.42445,1.42515,4.80,3.20
2009.04.24 19:21:11.217,1.4244,1.42515,8.00,8.00
2009.04.24 19:21:13.576,1.42455,1.42515,3.20,3.20
2009.04.24 19:21:13.796,1.4246,1.42525,4.80,3.20
2009.04.24 19:21:15.836,1.4246,1.42525,8.00,3.20
2009.04.24 19:21:21.274,1.42465,1.42525,3.20,3.20
2009.04.24 19:21:21.514,1.42465,1.42535,8.00,8.00
2009.04.24 19:21:21.634,1.42465,1.42535,8.00,3.20
2009.04.24 19:21:21.754,1.4247,1.42535,4.80,3.20
2009.04.24 19:21:23.384,1.42465,1.42535,8.00,3.20
2009.04.24 19:21:23.954,1.42465,1.42535,3.20,8.00
2009.04.24 19:21:24.134,1.42465,1.42535,8.00,8.00
2009.04.24 19:21:24.253,1.42465,1.42535,8.00,3.20
2009.04.24 19:21:24.543,1.42465,1.4252,8.00,1.60
2009.04.24 19:21:24.833,1.4246,1.4252,3.20,3.20
2009.04.24 19:21:28.502,1.4246,1.42515,3.20,4.80
2009.04.24 19:21:28.613,1.42455,1.4251,3.20,3.20
2009.04.24 19:21:28.782,1.4246,1.4251,4.80,3.20
2009.04.24 19:21:31.702,1.4246,1.42505,4.80,3.20
2009.04.24 19:21:32.691,1.4247,1.4252,3.20,4.80
2009.04.24 19:21:33.022,1.4247,1.42525,3.20,9.60
2009.04.24 19:21:34.431,1.4247,1.42515,3.20,3.20
2009.04.24 19:21:39.730,1.42465,1.42515,3.20,6.40
2009.04.24 19:21:40.410,1.4246,1.42505,4.80,3.20
2009.04.24 19:21:40.990,1.42445,1.42505,8.00,3.20
2009.04.24 19:21:46.128,1.42455,1.4252,4.80,3.20
2009.04.24 19:21:47.298,1.42455,1.4251,4.80,3.20
2009.04.24 19:21:47.528,1.4245,1.4252,4.80,3.20
2009.04.24 19:21:47.748,1.42455,1.4252,4.80,3.20
2009.04.24 19:21:48.208,1.4246,1.42525,3.20,3.20
2009.04.24 19:21:48.617,1.4246,1.42525,3.20,6.40
2009.04.24 19:21:49.427,1.42455,1.42515,8.00,3.20
2009.04.24 19:21:49.547,1.42455,1.42515,3.20,3.20
2009.04.24 19:21:50.827,1.4246,1.42525,3.20,13.60
2009.04.24 19:21:51.057,1.42455,1.42515,3.20,3.20
2009.04.24 19:21:51.167,1.4246,1.42525,3.20,13.60
2009.04.24 19:21:51.287,1.4246,1.42525,3.20,8.80
2009.04.24 19:21:51.647,1.4246,1.42525,3.20,5.60
2009.04.24 19:21:57.535,1.4246,1.42525,3.20,7.20
2009.04.24 19:21:57.755,1.42455,1.42515,8.00,3.20
2009.04.24 19:21:57.925,1.42455,1.42515,3.20,3.20
2009.04.24 19:21:59.465,1.4246,1.42525,3.20,16.80
2009.04.24 19:21:59.515,1.4246,1.42525,3.20,13.60
2009.04.24 19:21:59.625,1.4246,1.4251,3.20,1.60
2009.04.24 19:21:59.735,1.4246,1.42525,3.20,8.80
2009.04.24 19:22:01.185,1.42465,1.4252,3.20,4.00
2009.04.24 19:22:01.365,1.4247,1.42525,4.80,5.60
2009.04.24 19:22:01.585,1.42465,1.4252,8.00,3.20
2009.04.24 19:22:02.064,1.4247,1.4252,4.80,2.40
2009.04.24 19:22:02.344,1.4247,1.4253,8.00,2.40
2009.04.24 19:22:02.644,1.42475,1.4253,4.80,2.40
2009.04.24 19:22:08.673,1.4248,1.4253,1.60,2.40
2009.04.24 19:22:09.023,1.42495,1.4253,3.20,2.40
2009.04.24 19:22:09.143,1.42495,1.42545,3.20,8.80
2009.04.24 19:22:09.373,1.42495,1.42545,3.20,5.60
2009.04.24 19:22:21.790,1.42495,1.42555,8.00,3.20
2009.04.24 19:22:29.708,1.42495,1.42555,9.60,3.20
2009.04.24 19:22:29.767,1.42495,1.42555,14.40,3.20
2009.04.24 19:22:29.938,1.42495,1.42555,16.00,3.20
2009.04.24 19:22:29.988,1.42505,1.4256,3.20,3.20
2009.04.24 19:22:32.107,1.4251,1.42565,3.20,6.40
2009.04.24 19:22:32.267,1.42515,1.42565,3.20,3.20
2009.04.24 19:22:33.337,1.4252,1.42575,3.20,11.20
2009.04.24 19:22:33.567,1.4252,1.42575,3.20,6.40
2009.04.24 19:22:33.977,1.4252,1.42575,3.20,8.00
2009.04.24 19:22:34.097,1.42515,1.42565,3.20,3.20
2009.04.24 19:22:34.947,1.425,1.4255,8.00,3.20
2009.04.24 19:22:35.176,1.42505,1.4256,3.20,4.80
2009.04.24 19:22:35.417,1.425,1.4255,3.20,3.20
2009.04.24 19:22:38.106,1.425,1.4256,3.20,3.20
2009.04.24 19:22:38.456,1.425,1.4256,8.00,3.20
2009.04.24 19:23:01.390,1.42515,1.42565,3.20,3.20
2009.04.24 19:23:02.860,1.425,1.4256,12.80,3.20
2009.04.24 19:23:03.210,1.425,1.4256,8.00,3.20
2009.04.24 19:23:03.389,1.42515,1.42565,3.20,3.20
2009.04.24 19:23:06.579,1.42515,1.42565,8.00,3.20
2009.04.24 19:23:06.749,1.4252,1.42575,3.20,4.80
2009.04.24 19:23:07.099,1.4252,1.42575,3.20,3.20
2009.04.24 19:23:09.358,1.4252,1.42575,3.20,4.80
2009.04.24 19:23:09.578,1.42515,1.4257,4.80,3.20
2009.04.24 19:23:09.688,1.42505,1.4257,12.80,3.20
2009.04.24 19:23:09.748,1.42505,1.4257,9.60,3.20
2009.04.24 19:23:10.038,1.42505,1.4257,4.80,3.20
2009.04.24 19:23:10.318,1.425,1.4257,4.80,3.20
2009.04.24 19:23:11.877,1.425,1.4256,4.80,1.60
2009.04.24 19:23:11.987,1.425,1.42555,4.80,3.20
2009.04.24 19:23:12.388,1.425,1.42545,4.80,3.20
2009.04.24 19:23:12.447,1.42495,1.42545,4.80,3.20
2009.04.24 19:23:12.797,1.4248,1.42545,4.80,3.20
2009.04.24 19:23:14.477,1.42495,1.42555,3.20,3.20
2009.04.24 19:23:20.615,1.4251,1.4256,3.20,1.60
2009.04.24 19:23:27.334,1.42505,1.42555,4.80,3.20
2009.04.24 19:23:27.804,1.4249,1.42555,4.80,3.20
2009.04.24 19:23:27.964,1.42485,1.42555,4.80,3.20
2009.04.24 19:23:40.700,1.42485,1.4255,4.80,1.60
2009.04.24 19:23:40.871,1.4248,1.4255,9.60,1.60
2009.04.24 19:23:41.100,1.4248,1.42545,9.60,3.20
2009.04.24 19:23:41.440,1.42485,1.42555,4.80,3.20
2009.04.24 19:23:43.080,1.42485,1.42555,6.40,3.20
2009.04.24 19:23:43.360,1.42495,1.42565,3.20,9.60
2009.04.24 19:23:43.530,1.42495,1.4257,8.00,8.00
2009.04.24 19:23:44.220,1.425,1.4257,3.20,4.80
2009.04.24 19:23:44.440,1.4251,1.42575,4.80,3.20
2009.04.24 19:23:49.989,1.4251,1.42575,4.80,3.20
2009.04.24 19:23:51.298,1.425,1.42575,12.80,3.20
2009.04.24 19:23:51.538,1.425,1.42575,8.00,3.20
2009.04.24 19:24:01.875,1.42505,1.42575,4.80,3.20
2009.04.24 19:24:07.384,1.4251,1.42575,4.80,3.20
2009.04.24 19:25:07.609,1.42505,1.42575,3.20,3.20
2009.04.24 19:25:17.747,1.4251,1.42575,4.80,3.20
2009.04.24 19:25:26.635,1.4253,1.42575,1.60,3.20
2009.04.24 19:25:26.755,1.4254,1.42585,3.20,8.00
2009.04.24 19:25:26.815,1.4254,1.4258,3.20,4.80
2009.04.24 19:25:27.105,1.4253,1.4258,4.80,3.20
2009.04.24 19:25:27.225,1.42535,1.42595,4.80,3.20
2009.04.24 19:25:27.445,1.4253,1.42595,4.80,3.20
2009.04.24 19:25:27.615,1.4253,1.426,4.80,3.20
2009.04.24 19:25:28.324,1.42515,1.42595,4.80,4.80
2009.04.24 19:25:29.005,1.4252,1.426,4.80,8.00
2009.04.24 19:25:30.694,1.42525,1.426,4.80,9.60
2009.04.24 19:25:30.914,1.42515,1.4259,9.60,4.80
2009.04.24 19:25:31.304,1.42515,1.4259,4.80,4.80
2009.04.24 19:25:31.414,1.42515,1.42585,4.80,3.20
2009.04.24 19:25:33.553,1.4253,1.42585,1.60,3.20
2009.04.24 19:25:33.733,1.42545,1.4259,3.20,4.80
2009.04.24 19:25:33.853,1.42545,1.42605,3.20,6.40
2009.04.24 19:25:38.882,1.42555,1.42605,3.20,6.40
2009.04.24 19:25:46.060,1.4255,1.426,3.20,4.80
2009.04.24 19:25:46.330,1.4254,1.42585,4.80,3.20
2009.04.24 19:25:46.630,1.42535,1.42585,3.20,3.20
2009.04.24 19:25:46.860,1.4251,1.42585,8.00,3.20
2009.04.24 19:25:47.150,1.4251,1.42585,3.20,8.00
2009.04.24 19:25:47.630,1.425,1.42585,8.00,8.00
2009.04.24 19:25:51.839,1.42505,1.4258,8.00,4.80
2009.04.24 19:26:01.346,1.42515,1.4258,1.60,4.80
2009.04.24 19:26:01.686,1.4253,1.4258,3.20,4.80
2009.04.24 19:26:01.906,1.4253,1.42585,3.20,3.20
2009.04.24 19:26:10.135,1.4255,1.42585,1.60,3.20
2009.04.24 19:26:10.535,1.42535,1.42595,4.80,3.20
2009.04.24 19:26:10.824,1.4252,1.42595,3.20,3.20
2009.04.24 19:26:11.474,1.42535,1.426,3.20,4.80
2009.04.24 19:26:16.933,1.4252,1.4259,8.00,11.20
2009.04.24 19:26:17.273,1.4252,1.42585,8.00,8.00
2009.04.24 19:26:18.392,1.4252,1.42585,8.00,11.20
2009.04.24 19:26:18.913,1.4252,1.4258,8.00,3.20
2009.04.24 19:26:19.143,1.4253,1.42585,3.20,11.20
2009.04.24 19:26:19.602,1.4252,1.4258,3.20,3.20
2009.04.24 19:26:20.062,1.4251,1.42565,8.00,3.20
2009.04.24 19:26:20.512,1.42485,1.4255,8.00,3.20
2009.04.24 19:26:21.123,1.42485,1.4255,3.20,3.20
2009.04.24 19:26:21.982,1.4249,1.4255,3.20,8.00
2009.04.24 19:26:22.632,1.42525,1.4255,1.60,4.80
2009.04.24 19:26:23.141,1.42505,1.4256,5.60,4.80
2009.04.24 19:26:23.671,1.42505,1.4256,3.20,4.80
2009.04.24 19:26:24.941,1.42505,1.42565,3.20,8.00
2009.04.24 19:26:25.341,1.42505,1.4256,3.20,4.80
2009.04.24 19:26:25.571,1.4252,1.42565,3.20,3.20
2009.04.24 19:26:25.981,1.4251,1.42565,4.80,3.20
2009.04.24 19:26:26.211,1.42505,1.42565,6.40,8.00
2009.04.24 19:26:26.440,1.42505,1.4256,3.20,4.80
2009.04.24 19:26:26.840,1.4251,1.4256,3.20,4.80
2009.04.24 19:26:27.071,1.4251,1.42565,3.20,4.80
2009.04.24 19:26:32.929,1.4251,1.4257,3.20,4.80
2009.04.24 19:26:38.148,1.425,1.42585,8.00,11.20
2009.04.24 19:26:38.498,1.425,1.42575,9.60,4.80
2009.04.24 19:26:38.788,1.425,1.42575,4.80,4.80
2009.04.24 19:26:44.996,1.42505,1.42575,3.20,4.80
2009.04.24 19:26:45.396,1.42505,1.4258,8.00,4.80
2009.04.24 19:26:46.826,1.4251,1.42585,4.80,8.00
2009.04.24 19:26:47.756,1.4253,1.42595,3.20,11.20
2009.04.24 19:26:47.935,1.4253,1.42595,3.20,3.20
2009.04.24 19:27:00.752,1.4254,1.426,3.20,3.20
2009.04.24 19:27:29.745,1.4253,1.4259,8.00,3.20
2009.04.24 19:27:30.155,1.4253,1.4259,3.20,3.20
2009.04.24 19:27:32.434,1.4253,1.4259,8.00,3.20
2009.04.24 19:27:38.244,1.4254,1.426,4.80,3.20
2009.04.24 19:27:38.413,1.4253,1.42605,3.20,3.20
2009.04.24 19:27:48.711,1.42535,1.42595,3.20,3.20
2009.04.24 19:28:51.026,1.4254,1.4259,3.20,8.00
2009.04.24 19:28:51.086,1.4254,1.4259,3.20,3.20
2009.04.24 19:29:03.353,1.42545,1.42595,3.20,8.00
2009.04.24 19:29:04.042,1.42545,1.42595,3.20,3.20
2009.04.24 19:29:04.732,1.4255,1.426,3.20,9.60
2009.04.24 19:29:04.902,1.4255,1.426,3.20,8.00
2009.04.24 19:29:05.282,1.4255,1.426,3.20,3.20
2009.04.24 19:29:12.340,1.42545,1.42595,3.20,3.20
2009.04.24 19:29:33.035,1.42545,1.4259,3.20,4.80
2009.04.24 19:29:34.975,1.4255,1.4259,3.20,4.80
2009.04.24 19:29:35.655,1.42545,1.4259,3.20,4.80
2009.04.24 19:29:38.134,1.4255,1.4259,3.20,4.80
2009.04.24 19:29:38.374,1.4255,1.426,3.20,8.00
2009.04.24 19:29:49.131,1.4255,1.426,3.20,3.20
2009.04.24 19:29:52.151,1.4255,1.42585,3.20,1.60
2009.04.24 19:29:52.271,1.4254,1.42585,3.20,4.80
2009.04.24 19:29:52.781,1.4254,1.426,3.20,3.20
2009.04.24 19:29:54.020,1.42535,1.42585,3.20,3.20
2009.04.24 19:30:05.617,1.42525,1.4258,3.20,3.20
2009.04.24 19:30:05.958,1.42525,1.42575,3.20,1.60
2009.04.24 19:30:06.067,1.4252,1.4257,8.00,3.20
2009.04.24 19:30:06.178,1.4252,1.4257,3.20,3.20
2009.04.24 19:30:13.846,1.42515,1.42575,3.20,4.80
2009.04.24 19:30:14.085,1.42515,1.42575,3.20,9.60
2009.04.24 19:30:18.344,1.42515,1.42575,3.20,4.80
2009.04.24 19:30:24.033,1.4251,1.42575,4.80,1.60
2009.04.24 19:30:24.313,1.42515,1.42575,4.80,1.60
2009.04.24 19:30:24.483,1.42515,1.4259,8.00,12.80
2009.04.24 19:30:24.953,1.4252,1.4259,11.20,4.80
2009.04.24 19:30:25.183,1.4252,1.4259,8.00,4.80
2009.04.24 19:30:25.933,1.42515,1.4259,4.80,12.80
2009.04.24 19:30:28.655,1.42525,1.4259,1.60,11.20
2009.04.24 19:30:28.712,1.42525,1.4259,3.20,8.00
2009.04.24 19:30:28.822,1.42525,1.4259,6.40,4.80
2009.04.24 19:30:29.062,1.42525,1.4259,11.20,4.80
2009.04.24 19:30:29.172,1.42525,1.42595,20.80,3.20
2009.04.24 19:30:29.232,1.42545,1.426,3.20,4.80
2009.04.24 19:30:29.572,1.42545,1.42595,6.40,4.80
2009.04.24 19:30:29.872,1.42545,1.42605,6.40,1.00
2009.04.24 19:30:40.149,1.4256,1.42605,3.20,1.00
2009.04.24 19:30:40.379,1.4256,1.42605,4.80,1.00
2009.04.24 19:30:40.680,1.42565,1.42605,6.40,1.00
2009.04.24 19:30:40.849,1.42565,1.42605,8.00,1.00
2009.04.24 19:30:41.130,1.4257,1.42605,3.20,1.00
2009.04.24 19:30:41.299,1.42575,1.42605,3.20,1.00
2009.04.24 19:30:41.479,1.42585,1.42605,3.20,1.00
2009.04.24 19:30:41.719,1.4258,1.42605,6.40,1.00
2009.04.24 19:30:41.899,1.42585,1.42605,3.20,1.00
2009.04.24 19:30:42.399,1.4257,1.42605,11.20,1.00
2009.04.24 19:30:42.689,1.4257,1.42605,6.40,1.00
2009.04.24 19:30:46.958,1.42585,1.42605,4.80,1.00
2009.04.24 19:30:48.157,1.4258,1.42605,11.20,1.00
2009.04.24 19:30:48.277,1.42585,1.42605,4.80,1.00
2009.04.24 19:30:48.607,1.4258,1.42605,11.20,1.00
2009.04.24 19:30:49.217,1.4258,1.42605,6.40,1.00
2009.04.24 19:30:49.387,1.4258,1.42605,3.20,1.00
2009.04.24 19:30:49.788,1.4258,1.42605,8.00,1.00
2009.04.24 19:30:49.957,1.42595,1.42605,4.80,1.00
2009.04.24 19:30:50.527,1.4258,1.42605,11.20,1.00
2009.04.24 19:30:53.456,1.42585,1.42605,3.20,1.00
2009.04.24 19:30:55.736,1.4259,1.42605,3.20,1.00
2009.04.24 19:30:55.846,1.42595,1.42605,3.20,1.00
2009.04.24 19:30:56.175,1.42585,1.42605,11.20,1.00
2009.04.24 19:30:56.295,1.42585,1.42605,8.00,1.00
2009.04.24 19:30:56.465,1.42585,1.42605,3.20,1.00
2009.04.24 19:30:58.305,1.4259,1.42605,3.20,1.00
2009.04.24 19:30:58.485,1.42595,1.42605,3.20,1.00
2009.04.24 19:31:05.343,1.426,1.42605,4.80,1.00
2009.04.24 19:31:06.593,1.426,1.42605,3.20,1.00
2009.04.24 19:31:06.703,1.426,1.42605,8.00,1.00
2009.04.24 19:31:17.470,1.426,1.42605,8.00,1.00
2009.04.24 19:31:18.100,1.4261,1.4269,3.00,11.20
2009.04.24 19:31:18.800,1.42615,1.4269,3.00,8.00
2009.04.24 19:31:19.920,1.4261,1.42675,4.60,8.00
2009.04.24 19:31:21.479,1.42635,1.427,6.40,1.60
2009.04.24 19:31:21.639,1.42635,1.4271,6.40,3.20
2009.04.24 19:31:22.959,1.42655,1.42705,3.20,3.20
2009.04.24 19:31:24.449,1.4265,1.42705,6.40,3.20
2009.04.24 19:31:24.619,1.4265,1.4271,6.40,3.20
2009.04.24 19:31:26.628,1.4265,1.42705,6.40,3.20
2009.04.24 19:31:26.918,1.4265,1.42705,11.20,3.20
2009.04.24 19:31:27.148,1.42655,1.42705,3.20,3.20
2009.04.24 19:31:27.628,1.42655,1.42715,3.20,6.40
2009.04.24 19:31:31.927,1.4264,1.427,3.20,4.80
2009.04.24 19:31:32.346,1.42645,1.427,3.20,4.80
2009.04.24 19:31:34.176,1.42635,1.427,3.20,4.80
2009.04.24 19:31:34.416,1.42635,1.4269,3.20,4.80
2009.04.24 19:31:37.925,1.4263,1.4269,3.20,4.80
2009.04.24 19:31:38.145,1.4263,1.42695,3.20,4.80
2009.04.24 19:31:40.655,1.42635,1.42695,3.20,4.80
2009.04.24 19:31:46.863,1.4263,1.42695,3.20,4.80
2009.04.24 19:31:47.223,1.4262,1.42685,11.20,3.20
2009.04.24 19:31:47.393,1.4262,1.4268,6.40,4.80
2009.04.24 19:31:51.742,1.4262,1.4268,3.20,4.80
2009.04.24 19:31:52.902,1.4262,1.4268,3.20,8.00
2009.04.24 19:31:53.251,1.4262,1.42675,3.20,4.80
2009.04.24 19:31:53.542,1.4262,1.4268,3.20,8.00
2009.04.24 19:31:58.890,1.4262,1.4268,8.00,3.20
2009.04.24 19:32:00.000,1.4262,1.42685,8.00,8.00
2009.04.24 19:32:00.180,1.4262,1.42685,8.00,3.20
2009.04.24 19:32:00.580,1.4262,1.42685,3.20,3.20
2009.04.24 19:32:07.298,1.4262,1.42685,6.40,3.20
2009.04.24 19:32:07.808,1.42625,1.4269,3.20,9.60
2009.04.24 19:32:10.158,1.42625,1.4269,6.40,9.60
2009.04.24 19:32:10.267,1.4263,1.4269,3.20,6.40
2009.04.24 19:32:12.737,1.42625,1.4269,3.20,9.60
2009.04.24 19:32:13.087,1.42625,1.4269,6.40,9.60
2009.04.24 19:32:13.747,1.4263,1.4269,3.20,6.40
2009.04.24 19:32:14.027,1.42625,1.4269,6.40,9.60
2009.04.24 19:32:15.366,1.4262,1.42675,3.20,1.60
2009.04.24 19:32:15.706,1.4261,1.42675,4.80,4.80
2009.04.24 19:32:15.916,1.42605,1.4266,3.20,3.20
2009.04.24 19:32:16.436,1.42595,1.4266,6.40,4.80
2009.04.24 19:32:16.946,1.42595,1.4266,3.20,4.80
2009.04.24 19:32:17.116,1.42585,1.4266,4.80,8.00
2009.04.24 19:32:17.336,1.4258,1.42655,11.20,4.80
2009.04.24 19:32:18.606,1.42595,1.42655,3.20,4.80
2009.04.24 19:32:18.785,1.4259,1.4266,6.40,4.80
2009.04.24 19:32:19.655,1.4259,1.4266,6.40,8.00
2009.04.24 19:32:19.835,1.42585,1.4266,4.80,8.00
2009.04.24 19:32:20.115,1.4258,1.42655,4.80,4.80
2009.04.24 19:32:20.965,1.4258,1.42655,6.40,4.80
2009.04.24 19:32:21.205,1.42585,1.4266,4.80,4.80
2009.04.24 19:32:28.023,1.42585,1.4266,8.00,4.80
2009.04.24 19:32:28.603,1.4259,1.4266,3.20,4.80
2009.04.24 19:32:31.082,1.4259,1.42665,8.00,4.80
2009.04.24 19:32:33.552,1.4259,1.42665,4.80,8.00
2009.04.24 19:32:36.421,1.4259,1.42665,8.00,8.00
2009.04.24 19:32:36.761,1.42605,1.4267,4.80,3.20
2009.04.24 19:32:44.010,1.42605,1.42665,4.80,3.20
2009.04.24 19:32:44.189,1.42595,1.42665,4.80,3.20
2009.04.24 19:32:44.649,1.4259,1.42665,4.80,8.00
2009.04.24 19:33:09.733,1.4259,1.42665,6.40,8.00
2009.04.24 19:33:14.152,1.4259,1.42665,4.80,8.00
2009.04.24 19:33:14.392,1.42585,1.4266,8.00,4.80
2009.04.24 19:33:28.519,1.42585,1.42645,3.20,4.80
2009.04.24 19:33:31.558,1.42585,1.4265,3.20,4.80
2009.04.24 19:33:31.958,1.42585,1.4265,3.20,8.00
2009.04.24 19:33:32.238,1.42585,1.4265,3.20,4.80
2009.04.24 19:33:32.398,1.42585,1.42645,3.20,4.80
2009.04.24 19:33:32.908,1.42585,1.4265,3.20,4.80
2009.04.24 19:33:41.125,1.4259,1.4265,3.20,4.80
2009.04.24 19:33:41.336,1.42585,1.4265,3.20,4.80
2009.04.24 19:34:02.191,1.42585,1.4265,6.40,4.80
2009.04.24 19:34:02.300,1.42595,1.42655,3.20,8.00
2009.04.24 19:34:02.420,1.42595,1.4266,3.20,8.00
2009.04.24 19:34:16.837,1.42595,1.4266,6.40,8.00
2009.04.24 19:34:17.007,1.426,1.4266,3.20,4.80
2009.04.24 19:34:17.237,1.42595,1.4266,3.20,3.20
2009.04.24 19:34:17.807,1.42595,1.4266,3.20,8.00
2009.04.24 19:34:33.453,1.42595,1.4266,3.20,3.20
2009.04.24 19:34:42.911,1.42595,1.4266,3.20,8.00
2009.04.24 19:34:47.889,1.42595,1.4266,3.20,10.40
2009.04.24 19:34:48.679,1.42585,1.4265,11.20,3.20
2009.04.24 19:34:48.959,1.42585,1.4265,6.40,3.20
2009.04.24 19:34:49.239,1.42595,1.42655,3.20,4.80
2009.04.24 19:34:52.348,1.42595,1.4266,3.20,3.20
2009.04.24 19:35:06.705,1.4259,1.42655,8.00,6.40
2009.04.24 19:35:07.185,1.4259,1.42655,3.20,6.40
2009.04.24 19:35:22.811,1.42595,1.42655,3.20,6.40
2009.04.24 19:35:28.440,1.4259,1.4265,4.80,3.20
2009.04.24 19:35:28.560,1.42595,1.42655,3.20,9.60
2009.04.24 19:35:29.089,1.42595,1.4266,3.20,3.20
2009.04.24 19:35:29.759,1.42595,1.42655,3.20,3.20
2009.04.24 19:35:30.329,1.42595,1.42655,3.20,6.40
2009.04.24 19:35:36.438,1.4259,1.4265,3.20,3.20
2009.04.24 19:35:36.798,1.42595,1.42655,3.20,11.20
2009.04.24 19:35:37.088,1.42595,1.42655,3.20,6.40
2009.04.24 19:35:37.687,1.42585,1.4265,3.20,3.20
2009.04.24 19:35:37.927,1.42585,1.4265,8.00,8.00
2009.04.24 19:35:38.217,1.42585,1.4265,8.00,10.40
2009.04.24 19:35:39.407,1.42585,1.42645,4.80,3.20
2009.04.24 19:35:40.207,1.42585,1.42645,4.80,4.80
2009.04.24 19:35:40.607,1.4258,1.4264,4.80,3.20
2009.04.24 19:35:41.716,1.4258,1.4264,3.20,6.40
2009.04.24 19:35:48.854,1.4258,1.42645,3.20,7.20
2009.04.24 19:35:49.074,1.4258,1.4263,3.20,3.20
2009.04.24 19:35:49.314,1.4258,1.42625,1.60,3.20
2009.04.24 19:35:56.863,1.4259,1.42625,1.60,3.20
2009.04.24 19:35:56.973,1.4259,1.4263,3.20,4.80
2009.04.24 19:35:57.373,1.4259,1.4264,3.20,3.20
2009.04.24 19:36:03.111,1.42595,1.4264,1.60,3.20
2009.04.24 19:36:19.717,1.42585,1.4264,3.20,3.20
2009.04.24 19:36:20.627,1.42585,1.42645,6.40,8.00
2009.04.24 19:36:20.687,1.42585,1.42645,6.40,4.80
2009.04.24 19:36:21.657,1.42585,1.42645,4.80,4.80
2009.04.24 19:36:25.176,1.4259,1.42645,3.20,9.60
2009.04.24 19:36:25.406,1.4259,1.4264,6.40,1.60
2009.04.24 19:36:25.586,1.4259,1.4265,6.40,4.80
2009.04.24 19:36:25.766,1.42605,1.4265,3.20,4.80
2009.04.24 19:36:46.861,1.42605,1.42635,3.20,1.60
2009.04.24 19:36:47.040,1.42595,1.42635,4.80,1.60
2009.04.24 19:36:47.430,1.4257,1.42625,4.80,3.20
2009.04.24 19:36:47.491,1.4256,1.42625,3.20,3.20
2009.04.24 19:36:47.790,1.42555,1.42635,3.20,16.00
2009.04.24 19:36:47.900,1.4255,1.42615,3.20,6.40
2009.04.24 19:36:48.520,1.4256,1.42615,3.20,3.20
2009.04.24 19:37:02.197,1.42555,1.4261,4.80,3.20
2009.04.24 19:37:02.367,1.42555,1.42615,3.20,12.80
2009.04.24 19:37:02.477,1.42545,1.42605,3.20,3.20
2009.04.24 19:37:02.747,1.42545,1.42605,3.20,8.00
2009.04.24 19:37:02.986,1.42545,1.42605,3.20,9.60
2009.04.24 19:37:03.157,1.42545,1.42605,3.20,12.80
2009.04.24 19:37:03.267,1.42545,1.42605,3.20,14.40
2009.04.24 19:37:10.715,1.4254,1.42585,3.20,3.20
2009.04.24 19:37:11.045,1.4254,1.4259,3.20,4.80
2009.04.24 19:37:11.155,1.42545,1.42615,3.20,4.80
2009.04.24 19:37:11.625,1.42545,1.4262,3.20,8.00
2009.04.24 19:37:12.094,1.42545,1.4262,8.00,3.20
2009.04.24 19:37:12.645,1.42545,1.42605,8.00,3.20
2009.04.24 19:37:12.704,1.42545,1.42595,4.80,4.80
2009.04.24 19:37:13.054,1.4253,1.42595,8.00,3.20
2009.04.24 19:37:13.114,1.42545,1.4259,3.20,4.80
2009.04.24 19:37:13.585,1.42545,1.426,3.20,4.80
2009.04.24 19:37:13.814,1.42545,1.42605,3.20,8.00
2009.04.24 19:37:14.274,1.4254,1.426,3.20,3.20
2009.04.24 19:37:14.604,1.4254,1.426,3.20,8.00
2009.04.24 19:37:14.894,1.42545,1.426,3.20,4.80
2009.04.24 19:37:15.184,1.42545,1.42605,3.20,8.00
2009.04.24 19:37:15.654,1.42545,1.42595,3.20,1.60
2009.04.24 19:37:16.113,1.4253,1.42595,8.00,8.00
2009.04.24 19:37:16.283,1.4253,1.4259,3.20,4.80
2009.04.24 19:37:17.483,1.4253,1.4259,6.40,4.80
2009.04.24 19:37:17.723,1.4253,1.4259,3.20,4.80
2009.04.24 19:37:18.123,1.42535,1.42595,3.20,3.20
2009.04.24 19:37:18.363,1.42535,1.42595,3.20,8.00
2009.04.24 19:37:27.701,1.42525,1.42585,12.80,3.20
2009.04.24 19:37:28.201,1.4253,1.42585,3.20,3.20
2009.04.24 19:37:34.359,1.4253,1.42585,3.20,8.00
2009.04.24 19:37:38.658,1.4253,1.42585,4.80,8.00
2009.04.24 19:37:38.878,1.4253,1.42585,4.80,4.80
2009.04.24 19:37:39.518,1.4253,1.4259,4.80,4.80
2009.04.24 19:37:47.876,1.4253,1.4259,3.20,4.80
2009.04.24 19:37:54.194,1.4253,1.4258,3.20,4.80
2009.04.24 19:37:54.484,1.4253,1.42585,3.20,12.80
2009.04.24 19:37:54.964,1.4253,1.42585,3.20,8.00
2009.04.24 19:37:55.814,1.42525,1.42585,3.20,11.20
2009.04.24 19:37:57.584,1.42525,1.42585,3.20,6.40
2009.04.24 19:38:12.840,1.4253,1.42585,3.20,8.00
2009.04.24 19:38:14.909,1.4253,1.42585,3.20,11.20
2009.04.24 19:38:15.439,1.4253,1.42575,3.20,3.20
2009.04.24 19:38:15.719,1.4253,1.42585,3.20,8.00
2009.04.24 19:38:15.959,1.4253,1.42585,3.20,11.20
2009.04.24 19:38:16.189,1.4253,1.4257,3.20,4.80
2009.04.24 19:38:16.429,1.4253,1.42585,3.20,3.20
2009.04.24 19:38:17.009,1.4253,1.42595,3.20,11.20
2009.04.24 19:38:17.119,1.4253,1.42585,3.20,3.20
2009.04.24 19:38:17.239,1.4253,1.4256,3.20,4.80
2009.04.24 19:38:17.519,1.4253,1.42575,3.20,3.20
2009.04.24 19:38:17.639,1.4253,1.42585,3.20,8.00
2009.04.24 19:38:17.938,1.4253,1.42585,3.20,11.20
2009.04.24 19:38:18.459,1.42525,1.42575,3.20,3.20
2009.04.24 19:38:18.578,1.42525,1.4258,3.20,6.40
2009.04.24 19:38:19.328,1.42525,1.42575,3.20,3.20
2009.04.24 19:38:20.478,1.42525,1.4256,3.20,4.80
2009.04.24 19:38:20.818,1.42525,1.4258,3.20,3.20
2009.04.24 19:38:21.278,1.42525,1.4257,3.20,3.20
2009.04.24 19:38:21.448,1.42525,1.4256,3.20,4.80
2009.04.24 19:38:22.088,1.42525,1.4258,3.20,3.20
2009.04.24 19:38:22.147,1.42525,1.4257,3.20,3.20
2009.04.24 19:38:22.608,1.42525,1.4256,3.20,4.80
2009.04.24 19:38:23.067,1.42515,1.4258,3.20,4.80
2009.04.24 19:38:23.127,1.42515,1.42575,3.20,4.80
2009.04.24 19:38:23.467,1.4251,1.4256,3.20,8.00
2009.04.24 19:38:23.737,1.425,1.4257,3.20,12.80
2009.04.24 19:38:24.217,1.425,1.4256,3.20,4.80
2009.04.24 19:38:25.047,1.42495,1.4256,3.20,8.00
2009.04.24 19:38:25.217,1.42495,1.42555,3.20,4.80
2009.04.24 19:38:26.367,1.42495,1.42555,3.20,11.20
2009.04.24 19:38:26.426,1.42495,1.42555,3.20,8.00
2009.04.24 19:38:26.547,1.42495,1.42555,3.20,11.20
2009.04.24 19:38:27.016,1.42495,1.42555,3.20,6.40
2009.04.24 19:38:28.386,1.42495,1.42545,3.20,3.20
2009.04.24 19:38:28.776,1.42495,1.42555,3.20,6.40
2009.04.24 19:38:29.006,1.4249,1.4255,8.00,3.20
2009.04.24 19:38:30.865,1.42495,1.42555,3.20,6.40
2009.04.24 19:38:31.095,1.42495,1.42555,4.80,6.40
2009.04.24 19:38:31.216,1.42495,1.42555,4.80,3.20
2009.04.24 19:38:33.215,1.42495,1.4255,1.60,3.20
2009.04.24 19:38:33.265,1.4249,1.4255,8.00,3.20
2009.04.24 19:38:41.753,1.4249,1.4255,3.20,8.00
2009.04.24 19:38:43.812,1.4249,1.4255,3.20,3.20
2009.04.24 19:38:47.831,1.4249,1.42545,3.20,3.20
2009.04.24 19:39:01.738,1.4248,1.42545,3.20,11.20
2009.04.24 19:39:04.867,1.4248,1.42545,6.40,11.20
2009.04.24 19:39:05.627,1.4249,1.42545,3.20,11.20
2009.04.24 19:39:05.917,1.4249,1.42545,3.20,6.40
2009.04.24 19:39:10.546,1.4248,1.42545,4.80,6.40
2009.04.24 19:39:11.066,1.4248,1.42545,4.80,11.20
2009.04.24 19:39:12.915,1.4249,1.42545,3.20,11.20
2009.04.24 19:39:12.965,1.4249,1.42545,3.20,8.00
2009.04.24 19:39:13.265,1.4249,1.42545,6.40,8.00
2009.04.24 19:39:13.376,1.4249,1.42545,6.40,3.20
2009.04.24 19:39:13.725,1.42485,1.4255,6.40,9.60
2009.04.24 19:39:14.525,1.42485,1.42545,6.40,3.20
2009.04.24 19:39:20.284,1.42485,1.4255,6.40,9.60
2009.04.24 19:39:23.993,1.42485,1.4254,3.20,3.20
2009.04.24 19:39:24.273,1.42475,1.4254,11.20,8.00
2009.04.24 19:39:24.782,1.42475,1.42535,3.20,3.20
2009.04.24 19:39:26.412,1.42475,1.42535,3.20,11.20
2009.04.24 19:39:28.252,1.4247,1.4253,3.20,8.00
2009.04.24 19:39:30.641,1.42455,1.42525,19.20,3.20
2009.04.24 19:39:30.821,1.42455,1.42525,14.40,3.20
2009.04.24 19:39:31.051,1.4246,1.42525,4.80,3.20
2009.04.24 19:39:31.451,1.4246,1.42515,4.80,3.20
2009.04.24 19:39:31.911,1.4245,1.42505,14.40,3.20
2009.04.24 19:39:32.251,1.42445,1.42505,9.60,3.20
2009.04.24 19:39:32.431,1.4245,1.42515,3.20,6.40
2009.04.24 19:39:32.720,1.4245,1.42515,6.40,6.40
2009.04.24 19:39:33.060,1.42465,1.42515,4.80,3.20
2009.04.24 19:39:33.350,1.4245,1.42515,3.20,6.40
2009.04.24 19:39:35.430,1.42445,1.42505,11.20,3.20
2009.04.24 19:39:35.770,1.4245,1.42515,3.20,6.40
2009.04.24 19:39:36.870,1.42445,1.42505,8.00,3.20
2009.04.24 19:39:41.928,1.42455,1.425,1.60,3.20
2009.04.24 19:39:42.348,1.42455,1.42515,1.60,6.40
2009.04.24 19:39:42.698,1.42465,1.4252,1.60,8.00
2009.04.24 19:39:42.988,1.42465,1.42525,9.60,6.40
2009.04.24 19:39:43.568,1.4247,1.42525,3.20,3.20
2009.04.24 19:39:44.028,1.42475,1.42525,3.20,3.20
2009.04.24 19:39:44.888,1.42465,1.42515,4.80,6.40
2009.04.24 19:39:45.767,1.4245,1.42515,4.80,6.40
2009.04.24 19:39:51.106,1.4243,1.4249,6.40,6.40
2009.04.24 19:39:52.516,1.42435,1.4249,3.20,6.40
2009.04.24 19:39:52.625,1.42435,1.42495,4.80,6.40
2009.04.24 19:39:52.676,1.4245,1.42495,4.80,6.40
2009.04.24 19:39:52.966,1.4245,1.42495,4.80,3.20
2009.04.24 19:39:53.086,1.4245,1.4249,4.80,3.20
2009.04.24 19:39:53.436,1.4245,1.42495,4.80,3.20
2009.04.24 19:39:53.546,1.4245,1.42495,4.80,6.40
2009.04.24 19:39:53.775,1.4245,1.42485,4.80,3.20
2009.04.24 19:39:54.685,1.4245,1.4249,4.80,3.20
2009.04.24 19:39:55.475,1.4245,1.42495,4.80,6.40
2009.04.24 19:39:58.174,1.4245,1.42495,4.80,3.20
2009.04.24 19:39:58.514,1.4245,1.42485,4.80,3.20
2009.04.24 19:39:58.984,1.42445,1.4251,3.20,6.40
2009.04.24 19:39:59.444,1.42445,1.4251,8.00,6.40
2009.04.24 19:40:00.254,1.4245,1.425,4.80,3.20
2009.04.24 19:40:00.894,1.42435,1.42485,3.20,4.80
2009.04.24 19:40:01.364,1.4243,1.4248,4.80,3.20
2009.04.24 19:40:01.704,1.42395,1.4248,6.40,3.20
2009.04.24 19:40:02.863,1.42405,1.4247,4.80,3.20
2009.04.24 19:40:03.023,1.4241,1.4246,1.60,3.20
2009.04.24 19:40:03.303,1.42405,1.4247,6.40,8.00
2009.04.24 19:40:03.363,1.42415,1.4247,1.60,8.00
2009.04.24 19:40:03.703,1.42415,1.4247,1.60,3.20
2009.04.24 19:40:05.783,1.42415,1.42475,4.80,11.20
2009.04.24 19:40:06.243,1.42415,1.42475,3.20,11.20
2009.04.24 19:40:06.882,1.42425,1.42475,3.20,8.00
2009.04.24 19:40:07.152,1.42425,1.42475,3.20,4.80
2009.04.24 19:40:07.552,1.42425,1.4249,3.20,8.00
2009.04.24 19:40:14.870,1.42425,1.42485,3.20,3.20
2009.04.24 19:40:15.170,1.42415,1.42475,3.20,12.80
2009.04.24 19:40:16.250,1.42405,1.4247,6.40,3.20
2009.04.24 19:40:17.220,1.42405,1.4247,3.20,3.20
2009.04.24 19:40:18.179,1.4241,1.42475,3.20,8.00
2009.04.24 19:40:18.640,1.42405,1.4247,8.00,3.20
2009.04.24 19:40:18.870,1.42405,1.4247,3.20,3.20
2009.04.24 19:40:20.879,1.42405,1.4247,6.40,3.20
2009.04.24 19:40:20.989,1.4242,1.42485,3.20,16.00
2009.04.24 19:40:21.509,1.4242,1.42485,3.20,6.40
2009.04.24 19:40:22.658,1.42415,1.42475,8.00,3.20
2009.04.24 19:40:23.008,1.42415,1.42475,3.20,3.20
2009.04.24 19:40:27.648,1.42415,1.42475,3.20,6.40
2009.04.24 19:40:32.316,1.42415,1.42475,3.20,3.20
2009.04.24 19:40:33.366,1.42415,1.42475,3.20,4.80
2009.04.24 19:40:33.766,1.42405,1.4247,8.00,3.20
2009.04.24 19:40:33.826,1.42405,1.4247,3.20,3.20
2009.04.24 19:40:34.396,1.424,1.42455,9.60,6.40
2009.04.24 19:40:34.976,1.424,1.4246,3.20,3.20
2009.04.24 19:40:36.475,1.424,1.42455,3.20,3.20
2009.04.24 19:40:37.645,1.424,1.4246,3.20,3.20
2009.04.24 19:40:41.944,1.42395,1.42465,3.20,8.00
2009.04.24 19:40:42.444,1.424,1.4246,3.20,3.20
2009.04.24 19:40:43.124,1.4239,1.4246,11.20,3.20
2009.04.24 19:40:43.414,1.4239,1.4245,8.00,3.20
2009.04.24 19:40:43.584,1.4239,1.4245,4.80,3.20
2009.04.24 19:40:43.813,1.42385,1.4245,11.20,3.20
2009.04.24 19:40:44.093,1.4239,1.4246,6.40,8.00
2009.04.24 19:40:44.373,1.4239,1.4246,11.20,3.20
2009.04.24 19:40:44.603,1.424,1.4246,3.20,3.20
2009.04.24 19:40:44.843,1.42395,1.42465,6.40,8.00
2009.04.24 19:40:45.433,1.42395,1.4246,3.20,1.60
2009.04.24 19:40:45.713,1.4239,1.42455,6.40,3.20
2009.04.24 19:40:46.003,1.42395,1.4246,3.20,9.60
2009.04.24 19:40:46.463,1.42405,1.4246,3.20,9.60
2009.04.24 19:40:46.683,1.4239,1.42455,6.40,3.20
2009.04.24 19:40:47.273,1.42405,1.4246,3.20,6.40
2009.04.24 19:40:47.623,1.424,1.42455,3.20,3.20
2009.04.24 19:40:49.232,1.42405,1.42455,3.20,3.20
2009.04.24 19:40:49.672,1.4242,1.4246,8.00,4.80
2009.04.24 19:40:55.520,1.4243,1.42485,3.20,3.20
2009.04.24 19:40:56.030,1.4243,1.4249,6.40,1.60
2009.04.24 19:40:56.440,1.4244,1.4249,3.20,1.60
2009.04.24 19:40:57.300,1.4244,1.4249,3.20,4.80
2009.04.24 19:40:57.710,1.42425,1.42485,6.40,3.20
2009.04.24 19:40:57.950,1.42425,1.42485,3.20,3.20
2009.04.24 19:40:58.421,1.42425,1.42485,4.80,3.20
2009.04.24 19:40:59.080,1.42425,1.42485,8.00,3.20
2009.04.24 19:40:59.889,1.42445,1.42495,8.00,4.80
2009.04.24 19:41:00.539,1.42445,1.4252,8.00,6.40
2009.04.24 19:41:01.009,1.42455,1.4252,3.20,6.40
2009.04.24 19:41:03.129,1.42455,1.4251,3.20,1.60
2009.04.24 19:41:03.478,1.4245,1.425,10.60,3.20
2009.04.24 19:41:04.049,1.42425,1.4249,6.40,3.20
2009.04.24 19:41:05.448,1.4244,1.4249,1.60,3.20
2009.04.24 19:41:05.788,1.42455,1.425,4.80,3.20
2009.04.24 19:41:07.088,1.42435,1.425,1.60,3.20
2009.04.24 19:41:09.747,1.42435,1.425,8.00,3.20
2009.04.24 19:41:10.037,1.4244,1.425,3.20,3.20
2009.04.24 19:41:11.646,1.4247,1.42505,3.20,4.80
2009.04.24 19:41:12.047,1.42475,1.4256,4.80,6.40
2009.04.24 19:41:12.516,1.4248,1.4256,3.20,5.60
2009.04.24 19:41:14.046,1.42495,1.4254,3.20,4.80
2009.04.24 19:41:14.466,1.42495,1.42545,3.20,3.20
2009.04.24 19:41:15.146,1.4249,1.42545,3.20,3.20
2009.04.24 19:41:16.245,1.4249,1.4255,3.20,3.20
2009.04.24 19:41:16.765,1.4249,1.42545,3.20,3.20
2009.04.24 19:41:18.805,1.4249,1.4255,3.20,3.20
2009.04.24 19:41:19.855,1.4249,1.4255,3.20,4.80
2009.04.24 19:41:19.974,1.4249,1.4255,3.20,5.60
2009.04.24 19:41:22.204,1.4249,1.42545,3.20,5.60
2009.04.24 19:41:26.663,1.42485,1.42545,3.20,6.40
2009.04.24 19:41:30.082,1.42485,1.42545,3.20,8.00
2009.04.24 19:41:30.202,1.42485,1.42545,3.20,9.60
2009.04.24 19:41:30.322,1.4248,1.4254,3.20,3.20
2009.04.24 19:41:31.952,1.42485,1.42545,3.20,6.40
2009.04.24 19:41:32.531,1.42485,1.4254,3.20,4.80
2009.04.24 19:41:37.431,1.42485,1.4253,3.20,1.60
2009.04.24 19:41:37.730,1.42485,1.42525,5.60,8.00
2009.04.24 19:41:37.841,1.42485,1.4252,3.20,4.80
2009.04.24 19:41:37.951,1.42485,1.4253,1.60,4.80
2009.04.24 19:41:38.240,1.42475,1.4253,9.60,4.80
2009.04.24 19:41:38.450,1.42475,1.4252,6.40,4.80
2009.04.24 19:41:38.630,1.42475,1.42535,6.40,4.80
2009.04.24 19:41:39.270,1.42475,1.4252,3.20,1.60
2009.04.24 19:41:39.610,1.42465,1.4251,6.40,1.60
2009.04.24 19:41:39.950,1.42465,1.42515,6.40,4.80
2009.04.24 19:41:40.579,1.4247,1.42515,3.20,4.80
2009.04.24 19:41:40.810,1.4247,1.42515,6.40,4.80
2009.04.24 19:41:40.869,1.4247,1.42525,6.40,6.40
2009.04.24 19:41:41.669,1.4247,1.42515,6.40,4.80
2009.04.24 19:41:41.949,1.42485,1.42515,3.20,4.80
2009.04.24 19:41:42.239,1.4249,1.42525,3.20,4.80
2009.04.24 19:41:42.842,1.4249,1.42515,3.20,4.80
2009.04.24 19:41:43.189,1.42455,1.4255,12.80,9.60
2009.04.24 19:41:44.049,1.42455,1.4255,9.60,9.60
2009.04.24 19:41:44.858,1.42465,1.4254,12.80,4.80
2009.04.24 19:41:45.078,1.4247,1.42525,4.80,1.60
2009.04.24 19:41:45.599,1.4247,1.4252,1.60,4.80
2009.04.24 19:41:46.129,1.4247,1.42515,1.60,4.80
2009.04.24 19:41:46.418,1.4247,1.42525,3.20,3.20
2009.04.24 19:41:46.648,1.4247,1.42525,1.60,3.20
2009.04.24 19:41:52.547,1.42465,1.4252,3.20,4.80
2009.04.24 19:41:52.897,1.42455,1.4252,6.40,4.80
2009.04.24 19:41:53.007,1.4246,1.4252,1.60,3.20
2009.04.24 19:41:53.287,1.4246,1.4252,6.40,3.20
2009.04.24 19:41:53.677,1.42465,1.42535,3.20,9.60
2009.04.24 19:41:54.027,1.42475,1.4255,3.20,9.60
2009.04.24 19:41:54.596,1.42475,1.4255,3.20,8.00
2009.04.24 19:41:55.166,1.42475,1.4255,8.00,8.00
2009.04.24 19:41:55.496,1.42475,1.4255,8.00,4.80
2009.04.24 19:41:56.596,1.4247,1.4255,4.80,8.00
2009.04.24 19:41:56.886,1.42465,1.4254,20.80,4.80
2009.04.24 19:41:57.516,1.42465,1.4254,11.20,4.80
2009.04.24 19:41:58.795,1.42465,1.4254,8.00,4.80
2009.04.24 19:41:59.158,1.42475,1.4254,8.00,4.80
2009.04.24 19:41:59.485,1.42475,1.42545,8.00,4.80
2009.04.24 19:41:59.845,1.42475,1.42545,3.20,4.80
2009.04.24 19:42:01.165,1.42465,1.4254,4.80,8.00
2009.04.24 19:42:01.565,1.42465,1.4254,8.00,4.80
2009.04.24 19:42:02.074,1.4247,1.42545,9.60,8.00
2009.04.24 19:42:02.304,1.4247,1.42545,4.80,8.00
2009.04.24 19:42:02.534,1.4247,1.42545,4.80,4.80
2009.04.24 19:42:12.142,1.42475,1.42545,3.20,8.00
2009.04.24 19:42:13.442,1.4247,1.42545,4.80,8.00
2009.04.24 19:42:13.552,1.42465,1.4254,8.00,4.80
2009.04.24 19:42:14.651,1.4247,1.42545,4.80,4.80
2009.04.24 19:42:15.422,1.4247,1.42545,4.80,11.20
2009.04.24 19:42:15.771,1.4247,1.42545,4.80,8.00
2009.04.24 19:42:17.621,1.4247,1.42545,6.40,8.00
2009.04.24 19:42:17.901,1.4247,1.42545,6.40,4.80
2009.04.24 19:42:17.960,1.42475,1.42545,8.00,8.00
2009.04.24 19:42:18.131,1.42475,1.42545,8.00,3.20
2009.04.24 19:42:18.430,1.42475,1.42545,3.20,8.00
2009.04.24 19:42:18.490,1.42475,1.42545,3.20,4.80
2009.04.24 19:42:18.840,1.42475,1.4255,8.00,8.00
2009.04.24 19:42:19.120,1.4248,1.42555,4.80,6.40
2009.04.24 19:42:19.350,1.4248,1.4254,4.80,3.20
2009.04.24 19:42:19.590,1.4248,1.4253,4.80,3.20
2009.04.24 19:42:20.000,1.42465,1.4253,6.40,3.20
2009.04.24 19:42:22.150,1.42465,1.42525,6.40,4.80
2009.04.24 19:42:22.269,1.42465,1.42525,6.40,5.60
2009.04.24 19:42:22.439,1.42465,1.4251,5.80,4.80
2009.04.24 19:42:22.799,1.4244,1.4251,6.40,4.80
2009.04.24 19:42:22.979,1.4244,1.4251,3.20,9.60
2009.04.24 19:42:23.389,1.4243,1.42505,3.20,4.80
2009.04.24 19:42:23.620,1.4243,1.425,3.20,4.80
2009.04.24 19:42:24.269,1.42425,1.425,8.00,4.80
2009.04.24 19:42:24.789,1.42415,1.42485,8.00,4.80
2009.04.24 19:42:25.260,1.42415,1.4248,8.00,4.80
2009.04.24 19:42:26.068,1.42415,1.4248,3.20,4.80
2009.04.24 19:42:31.097,1.42415,1.4249,3.20,9.60
2009.04.24 19:42:31.327,1.42415,1.4249,4.80,4.80
2009.04.24 19:42:33.627,1.42425,1.4249,3.20,4.80
2009.04.24 19:42:34.417,1.4241,1.4248,4.80,4.80
2009.04.24 19:42:34.887,1.4242,1.42475,4.80,4.80
2009.04.24 19:42:35.356,1.42425,1.4251,8.00,4.80
2009.04.24 19:42:36.066,1.42425,1.42505,3.20,4.80
2009.04.24 19:42:36.346,1.42425,1.42495,3.20,9.60
2009.04.24 19:42:36.806,1.4242,1.42495,4.80,4.80
2009.04.24 19:42:37.086,1.42415,1.4249,3.20,4.80
2009.04.24 19:42:37.436,1.42425,1.42495,3.20,9.60
2009.04.24 19:42:37.786,1.42425,1.42495,3.20,4.80
2009.04.24 19:42:40.615,1.42425,1.4249,3.20,4.80
2009.04.24 19:42:47.124,1.42415,1.4249,3.20,4.80
2009.04.24 19:42:54.482,1.42415,1.4249,3.20,4.80
2009.04.24 19:42:56.571,1.42415,1.42485,3.20,4.80
2009.04.24 19:42:56.921,1.42415,1.4248,3.20,4.80
2009.04.24 19:43:03.520,1.42425,1.4248,3.20,4.80
2009.04.24 19:43:03.820,1.42425,1.42475,3.20,4.80
2009.04.24 19:43:03.939,1.42425,1.425,3.20,4.80
2009.04.24 19:43:04.060,1.42415,1.42485,3.20,4.80
2009.04.24 19:43:04.340,1.42415,1.4249,3.20,9.60
2009.04.24 19:43:04.689,1.42415,1.4249,3.20,4.80
2009.04.24 19:43:05.040,1.42415,1.4249,8.00,9.60
2009.04.24 19:43:05.379,1.42415,1.4249,8.00,4.80
2009.04.24 19:43:05.599,1.42425,1.4249,3.20,4.80
2009.04.24 19:43:05.889,1.42425,1.42485,3.20,4.80
2009.04.24 19:43:06.069,1.42425,1.425,3.20,4.80
2009.04.24 19:43:06.519,1.42425,1.4249,3.20,4.80
2009.04.24 19:43:06.849,1.42415,1.4249,8.00,4.80
2009.04.24 19:43:09.358,1.42425,1.4249,3.20,4.80
2009.04.24 19:43:10.118,1.42415,1.4249,8.00,4.80
2009.04.24 19:43:10.478,1.42415,1.42485,3.20,4.80
2009.04.24 19:43:13.337,1.42405,1.42485,8.00,4.80
2009.04.24 19:43:13.777,1.42405,1.4248,8.00,4.80
2009.04.24 19:43:17.246,1.42415,1.42485,3.20,4.80
2009.04.24 19:43:18.056,1.42415,1.4248,3.20,4.80
2009.04.24 19:43:19.386,1.42415,1.42485,3.20,4.80
2009.04.24 19:43:23.305,1.42415,1.4249,8.00,4.80
2009.04.24 19:43:23.765,1.42415,1.42485,8.00,4.80
2009.04.24 19:43:24.065,1.42415,1.42485,3.20,4.80
2009.04.24 19:43:29.184,1.42425,1.42485,3.20,4.80
2009.04.24 19:43:29.523,1.42425,1.42495,3.20,9.60
2009.04.24 19:43:29.873,1.42425,1.42495,3.20,4.80
2009.04.24 19:43:36.132,1.42435,1.42505,3.20,4.80
2009.04.24 19:43:37.061,1.4243,1.42505,4.80,4.80
2009.04.24 19:43:38.311,1.42435,1.42505,3.20,4.80
2009.04.24 19:43:38.371,1.42435,1.42505,3.20,9.60
2009.04.24 19:43:38.421,1.42435,1.425,3.20,4.80
2009.04.24 19:43:38.891,1.42425,1.425,6.40,4.80
2009.04.24 19:43:38.951,1.42435,1.425,3.20,4.80
2009.04.24 19:43:39.341,1.42435,1.42505,3.20,4.80
2009.04.24 19:43:41.161,1.42435,1.42495,3.20,3.20
2009.04.24 19:43:41.450,1.42425,1.42495,6.40,8.00
2009.04.24 19:43:41.800,1.42425,1.4249,6.40,4.80
2009.04.24 19:43:43.310,1.42435,1.4249,6.40,4.80
2009.04.24 19:43:43.940,1.42435,1.425,6.40,4.80
2009.04.24 19:43:45.129,1.42435,1.42505,6.40,4.80
2009.04.24 19:43:45.359,1.42435,1.425,6.40,1.60
2009.04.24 19:43:45.589,1.4243,1.42495,4.80,3.20
2009.04.24 19:43:46.039,1.42425,1.42495,6.40,8.00
2009.04.24 19:43:46.459,1.42425,1.4249,6.40,1.60
2009.04.24 19:43:46.689,1.42415,1.4248,8.00,3.20
2009.04.24 19:43:47.099,1.42415,1.4248,3.20,3.20
2009.04.24 19:43:47.329,1.42415,1.4248,3.20,8.00
2009.04.24 19:43:51.338,1.42415,1.42485,9.60,9.60
2009.04.24 19:43:51.448,1.42415,1.42485,9.60,4.80
2009.04.24 19:43:54.517,1.4242,1.42485,1.60,4.80
2009.04.24 19:43:54.697,1.42435,1.42485,6.40,4.80
2009.04.24 19:43:55.217,1.42435,1.4251,6.40,4.80
2009.04.24 19:43:56.107,1.42435,1.42495,6.40,1.60
2009.04.24 19:43:56.387,1.42435,1.4249,6.40,3.20
2009.04.24 19:43:56.827,1.42425,1.42485,3.20,4.80
2009.04.24 19:43:57.356,1.42415,1.42485,9.60,4.80
2009.04.24 19:43:58.716,1.42425,1.42485,3.20,4.80
2009.04.24 19:43:59.066,1.42425,1.42495,3.20,12.80
2009.04.24 19:43:59.126,1.42425,1.42495,3.20,8.00
2009.04.24 19:44:04.885,1.42425,1.4249,3.20,1.60
2009.04.24 19:44:05.124,1.42425,1.4249,3.20,4.80
2009.04.24 19:44:05.565,1.42425,1.42485,3.20,4.80
2009.04.24 19:44:16.692,1.42425,1.425,12.80,4.80
2009.04.24 19:44:16.932,1.4244,1.425,3.20,4.80
2009.04.24 19:44:17.632,1.4244,1.42515,3.20,4.80
2009.04.24 19:44:18.902,1.42445,1.42515,3.20,4.80
2009.04.24 19:44:25.380,1.42445,1.42505,3.20,4.80
2009.04.24 19:44:29.559,1.42445,1.42515,6.40,9.60
2009.04.24 19:44:29.789,1.42445,1.42505,6.40,4.80
2009.04.24 19:44:36.177,1.42445,1.42515,3.20,4.80
2009.04.24 19:44:36.347,1.42445,1.42505,3.20,4.80
2009.04.24 19:44:37.897,1.4244,1.42505,3.20,4.80
2009.04.24 19:44:39.556,1.42445,1.42505,3.20,4.80
2009.04.24 19:44:41.536,1.4244,1.42505,3.20,4.80
2009.04.24 19:44:47.444,1.4244,1.425,3.20,8.00
2009.04.24 19:44:51.643,1.42435,1.4249,9.60,4.00
2009.04.24 19:44:51.704,1.42435,1.42485,8.00,2.40
2009.04.24 19:44:51.993,1.42435,1.42485,8.00,4.80
2009.04.24 19:44:52.513,1.42425,1.4248,2.60,4.80
2009.04.24 19:44:52.973,1.424,1.4248,4.80,4.80
2009.04.24 19:44:53.143,1.42395,1.42475,4.80,4.80
2009.04.24 19:44:57.382,1.42415,1.42475,4.80,4.80
2009.04.24 19:44:57.502,1.42415,1.42475,6.40,4.80
2009.04.24 19:44:57.732,1.4243,1.42475,3.20,4.80
2009.04.24 19:44:57.902,1.42445,1.4253,4.80,4.80
2009.04.24 19:44:58.022,1.4243,1.4253,4.80,4.80
2009.04.24 19:44:58.412,1.42445,1.4253,4.80,4.80
2009.04.24 19:44:58.572,1.42445,1.4254,4.80,8.00
2009.04.24 19:44:59.262,1.42455,1.4253,4.80,4.80
2009.04.24 19:44:59.761,1.4246,1.42535,4.80,8.00
2009.04.24 19:45:00.851,1.4247,1.42535,4.80,8.00
2009.04.24 19:45:01.251,1.4247,1.42535,4.80,3.20
2009.04.24 19:45:01.611,1.4247,1.42545,4.80,8.00
2009.04.24 19:45:01.941,1.4247,1.4254,4.80,4.80
2009.04.24 19:45:02.291,1.4247,1.42545,4.80,8.00
2009.04.24 19:45:02.811,1.42485,1.42545,4.80,3.20
2009.04.24 19:45:03.331,1.4248,1.42545,4.80,3.20
2009.04.24 19:45:05.040,1.4248,1.4254,4.80,3.20
2009.04.24 19:45:13.978,1.42505,1.42565,4.80,4.80
2009.04.24 19:45:14.218,1.42505,1.4259,4.80,3.20
2009.04.24 19:45:14.628,1.4252,1.4259,4.80,3.20
2009.04.24 19:45:14.868,1.42525,1.426,4.80,3.20
2009.04.24 19:45:15.667,1.4253,1.42595,4.80,6.40
2009.04.24 19:45:17.008,1.42545,1.42595,4.80,3.20
2009.04.24 19:45:17.117,1.42545,1.42635,4.80,11.20
2009.04.24 19:45:17.577,1.42555,1.42635,4.80,6.40
2009.04.24 19:45:17.687,1.42555,1.42635,4.80,3.20
2009.04.24 19:45:19.147,1.4256,1.42625,4.80,6.40
2009.04.24 19:45:19.497,1.4256,1.42625,4.80,3.20
2009.04.24 19:45:19.607,1.42565,1.4263,4.80,6.40
2009.04.24 19:45:19.947,1.42565,1.42625,4.80,3.20
2009.04.24 19:45:20.287,1.42565,1.4264,4.80,8.00
2009.04.24 19:45:20.616,1.42565,1.42645,9.60,8.00
2009.04.24 19:45:21.236,1.4259,1.42655,4.80,11.20
2009.04.24 19:45:21.356,1.4259,1.42655,4.80,3.20
2009.04.24 19:45:23.126,1.426,1.42665,4.80,3.20
2009.04.24 19:45:24.046,1.426,1.42655,4.80,3.20
2009.04.24 19:45:25.555,1.42615,1.42655,4.80,3.20
2009.04.24 19:45:25.725,1.42615,1.42665,4.80,5.60
2009.04.24 19:45:26.005,1.42605,1.42665,11.20,5.60
2009.04.24 19:45:26.415,1.42605,1.4265,4.80,3.20
2009.04.24 19:45:26.995,1.42615,1.42645,4.80,3.20
2009.04.24 19:45:27.335,1.42575,1.42645,4.80,3.20
2009.04.24 19:45:28.165,1.4257,1.42635,4.80,3.20
2009.04.24 19:45:29.434,1.4258,1.4263,4.80,3.20
2009.04.24 19:45:29.774,1.42575,1.4263,4.80,3.20
2009.04.24 19:45:31.114,1.4259,1.42645,1.60,6.40
2009.04.24 19:45:31.574,1.4259,1.42645,6.40,6.40
2009.04.24 19:45:31.694,1.42605,1.42645,1.60,2.40
2009.04.24 19:45:31.934,1.42605,1.4264,1.60,1.60
2009.04.24 19:45:32.164,1.426,1.4264,1.60,1.60
2009.04.24 19:45:32.284,1.42595,1.4264,6.40,1.60
2009.04.24 19:45:32.454,1.4261,1.4264,1.60,1.60
2009.04.24 19:45:33.274,1.4261,1.4264,6.40,1.60
2009.04.24 19:45:33.444,1.42595,1.42645,6.40,2.40
2009.04.24 19:45:33.953,1.42595,1.42645,11.20,2.40
2009.04.24 19:45:34.873,1.42595,1.42645,6.40,2.40
2009.04.24 19:45:36.273,1.42595,1.42645,1.60,3.20
2009.04.24 19:45:36.743,1.4259,1.42645,8.00,3.20
2009.04.24 19:45:37.792,1.4259,1.42645,8.00,6.40
2009.04.24 19:45:40.521,1.4259,1.4264,4.80,1.60
2009.04.24 19:45:40.932,1.42605,1.4265,1.60,8.00
2009.04.24 19:45:41.111,1.42605,1.42655,1.60,11.20
2009.04.24 19:45:41.562,1.4258,1.4265,4.80,6.40
2009.04.24 19:45:41.801,1.42575,1.4265,8.00,6.40
2009.04.24 19:45:43.191,1.4258,1.4265,3.20,11.20
2009.04.24 19:45:44.741,1.4258,1.4265,8.00,6.40
2009.04.24 19:45:45.071,1.4258,1.4265,3.20,11.20
2009.04.24 19:45:50.029,1.42575,1.4263,4.80,3.20
2009.04.24 19:45:50.439,1.4257,1.4263,11.20,3.20
2009.04.24 19:45:51.119,1.4257,1.4263,9.60,3.20
2009.04.24 19:45:51.339,1.42565,1.4262,3.20,3.20
2009.04.24 19:45:51.459,1.4256,1.4262,4.80,3.20
2009.04.24 19:45:54.738,1.42565,1.4262,4.80,3.20
2009.04.24 19:45:56.008,1.42565,1.42625,6.40,3.20
2009.04.24 19:45:56.188,1.42575,1.42625,4.80,3.20
2009.04.24 19:45:57.787,1.42575,1.42625,6.40,3.20
2009.04.24 19:45:57.887,1.42585,1.42625,1.60,3.20
2009.04.24 19:45:58.007,1.42585,1.42635,1.60,3.20
2009.04.24 19:45:58.427,1.4258,1.42635,6.40,3.20
2009.04.24 19:45:58.547,1.42575,1.42625,4.80,3.20
2009.04.24 19:46:02.187,1.42575,1.42635,4.80,6.40
2009.04.24 19:46:02.916,1.42575,1.4264,4.80,3.20
2009.04.24 19:46:03.846,1.4257,1.4264,3.20,8.00
2009.04.24 19:46:05.246,1.4257,1.4264,8.00,3.20
2009.04.24 19:46:05.365,1.4257,1.42635,3.20,3.20
2009.04.24 19:46:05.885,1.4257,1.42635,8.00,3.20
2009.04.24 19:46:06.835,1.42585,1.42635,1.60,3.20
2009.04.24 19:46:07.005,1.42575,1.4264,4.80,3.20
2009.04.24 19:46:07.655,1.4256,1.4264,8.00,3.20
2009.04.24 19:46:08.235,1.42575,1.4264,4.80,3.20
2009.04.24 19:46:08.555,1.42575,1.42635,4.80,4.80
2009.04.24 19:46:08.935,1.42575,1.42635,1.60,9.60
2009.04.24 19:46:09.045,1.42575,1.4263,1.60,3.20
2009.04.24 19:46:10.914,1.4258,1.4263,1.60,3.20
2009.04.24 19:46:11.324,1.42575,1.42635,3.20,6.40
2009.04.24 19:46:16.873,1.42575,1.42635,6.40,3.20
2009.04.24 19:46:17.453,1.42575,1.4264,6.40,3.20
2009.04.24 19:46:21.931,1.42575,1.4264,6.40,5.60
2009.04.24 19:46:25.651,1.42575,1.4264,4.80,5.60
2009.04.24 19:46:29.110,1.42575,1.4264,6.40,4.80
2009.04.24 19:46:29.400,1.42575,1.4264,6.40,3.20
2009.04.24 19:46:29.570,1.4259,1.42645,4.80,4.80
2009.04.24 19:46:29.809,1.4259,1.4264,4.80,3.20
2009.04.24 19:46:30.300,1.42575,1.4264,4.80,3.20
2009.04.24 19:46:30.759,1.4258,1.42635,4.80,3.20
2009.04.24 19:46:32.669,1.4258,1.4264,4.80,3.20
2009.04.24 19:46:40.387,1.42585,1.42645,3.20,8.00
2009.04.24 19:46:40.997,1.42595,1.4265,4.80,3.20
2009.04.24 19:46:41.337,1.42595,1.42645,4.80,3.20
2009.04.24 19:46:41.517,1.42585,1.42645,9.60,6.40
2009.04.24 19:46:41.687,1.42585,1.42645,4.80,6.40
2009.04.24 19:46:42.896,1.42595,1.42645,4.80,6.40
2009.04.24 19:46:43.117,1.426,1.42645,1.60,6.40
2009.04.24 19:46:43.227,1.426,1.42645,1.60,3.20
2009.04.24 19:46:43.566,1.4261,1.42655,4.80,3.20
2009.04.24 19:46:44.066,1.426,1.42655,1.60,3.20
2009.04.24 19:46:44.176,1.426,1.42655,6.40,3.20
2009.04.24 19:46:44.576,1.4261,1.42655,4.80,6.40
2009.04.24 19:46:44.926,1.4261,1.42645,4.80,3.20
2009.04.24 19:46:45.646,1.42595,1.42645,4.80,3.20
2009.04.24 19:46:45.916,1.42595,1.42655,4.80,6.40
2009.04.24 19:46:46.955,1.42595,1.42655,4.80,3.20
2009.04.24 19:46:48.645,1.42595,1.42665,4.80,6.40
2009.04.24 19:46:49.315,1.42595,1.4265,4.80,3.20
2009.04.24 19:46:49.645,1.42595,1.4267,4.80,6.40
2009.04.24 19:46:50.615,1.42595,1.4265,4.80,3.20
2009.04.24 19:46:51.065,1.42595,1.4267,4.80,3.20
2009.04.24 19:46:51.535,1.42595,1.4265,4.80,3.20
2009.04.24 19:46:51.764,1.42595,1.4266,4.80,3.20
2009.04.24 19:46:52.454,1.42595,1.4266,4.80,6.40
2009.04.24 19:46:53.254,1.42595,1.42655,4.80,3.20
2009.04.24 19:46:54.394,1.4261,1.42655,4.80,3.20
2009.04.24 19:46:55.203,1.4261,1.42695,4.80,8.00
2009.04.24 19:46:55.603,1.42605,1.4269,4.80,4.80
2009.04.24 19:47:02.772,1.42605,1.42675,4.80,3.20
2009.04.24 19:47:04.601,1.42605,1.4266,4.80,3.20
2009.04.24 19:47:05.001,1.42595,1.4266,3.20,8.00
2009.04.24 19:47:05.171,1.42595,1.42655,3.20,4.80
2009.04.24 19:47:10.250,1.426,1.42665,4.80,8.00
2009.04.24 19:47:14.999,1.4259,1.4265,8.00,3.20
2009.04.24 19:47:36.054,1.42585,1.42635,3.20,3.20
2009.04.24 19:47:36.473,1.4256,1.42635,3.20,8.00
2009.04.24 19:47:37.103,1.4255,1.4263,14.40,4.80
2009.04.24 19:47:37.713,1.42565,1.4263,3.20,4.80
2009.04.24 19:47:39.393,1.42555,1.4263,11.20,4.80
2009.04.24 19:47:40.633,1.42555,1.42615,8.00,3.20
2009.04.24 19:47:41.452,1.42575,1.4262,4.80,6.40
2009.04.24 19:47:41.563,1.42575,1.4263,4.80,4.80
2009.04.24 19:47:41.802,1.4258,1.4263,1.60,4.80
2009.04.24 19:47:41.902,1.42565,1.42635,12.80,8.00
2009.04.24 19:47:42.242,1.42565,1.4263,4.80,4.80
2009.04.24 19:47:42.292,1.42545,1.4263,11.20,4.80
2009.04.24 19:47:45.002,1.4258,1.4263,3.20,4.80
2009.04.24 19:47:45.701,1.4258,1.42655,3.20,3.20
2009.04.24 19:47:55.279,1.4259,1.4265,8.00,3.20
2009.04.24 19:47:59.088,1.4259,1.4265,8.00,10.40
2009.04.24 19:48:00.608,1.4259,1.42635,8.00,1.60
2009.04.24 19:48:00.788,1.4259,1.42645,8.00,2.40
2009.04.24 19:48:02.407,1.4259,1.4265,8.00,3.20
2009.04.24 19:48:09.975,1.4259,1.4265,8.00,8.00
2009.04.24 19:48:11.685,1.4259,1.4265,8.00,9.60
2009.04.24 19:48:25.872,1.4259,1.4265,8.00,3.20
2009.04.24 19:48:29.191,1.4259,1.4265,8.00,8.00
2009.04.24 19:48:31.250,1.4259,1.4265,8.00,9.60
2009.04.24 19:48:31.760,1.4259,1.4264,8.00,1.60
2009.04.24 19:48:34.509,1.4259,1.4263,8.00,1.60
2009.04.24 19:48:42.308,1.4259,1.4263,4.80,1.60
2009.04.24 19:48:51.146,1.42575,1.42635,12.80,12.00
2009.04.24 19:48:51.445,1.42575,1.42635,8.00,16.80
2009.04.24 19:48:51.556,1.42575,1.42635,8.00,12.00
2009.04.24 19:48:56.564,1.42575,1.42625,8.00,1.60
2009.04.24 19:48:56.614,1.42575,1.42625,4.80,4.80
2009.04.24 19:48:56.725,1.42575,1.42625,4.80,6.40
2009.04.24 19:48:56.834,1.42575,1.42625,4.80,4.80
2009.04.24 19:48:57.124,1.42565,1.4261,9.60,1.60
2009.04.24 19:48:57.294,1.4256,1.4261,4.80,1.60
2009.04.24 19:49:06.542,1.42555,1.42605,3.20,1.60
2009.04.24 19:49:06.712,1.42545,1.42595,1.20,4.80
2009.04.24 19:49:07.062,1.4254,1.42595,4.80,4.80
2009.04.24 19:49:07.412,1.42505,1.4259,8.00,4.80
2009.04.24 19:49:11.351,1.4251,1.4259,4.80,4.80
2009.04.24 19:49:20.189,1.42515,1.4258,3.20,4.80
2009.04.24 19:49:20.598,1.42515,1.42585,3.20,4.80
2009.04.24 19:49:20.888,1.4251,1.42585,4.80,4.80
2009.04.24 19:49:21.828,1.42505,1.42585,8.00,4.80
2009.04.24 19:49:23.178,1.42505,1.42585,11.20,4.80
2009.04.24 19:49:23.288,1.42505,1.42585,4.80,4.80
2009.04.24 19:49:23.648,1.42495,1.4257,8.00,4.80
2009.04.24 19:49:23.938,1.42485,1.4257,12.80,4.80
2009.04.24 19:49:23.998,1.42485,1.4257,4.80,4.80
2009.04.24 19:49:24.877,1.42485,1.42555,3.20,4.80
2009.04.24 19:49:26.137,1.42485,1.4255,6.40,4.80
2009.04.24 19:49:27.347,1.4249,1.42565,4.80,9.60
2009.04.24 19:49:27.637,1.42515,1.42565,1.60,4.80
2009.04.24 19:49:28.157,1.42525,1.42565,4.80,4.80
2009.04.24 19:49:28.396,1.42525,1.4261,4.80,4.80
2009.04.24 19:49:33.315,1.4254,1.42605,4.80,3.20
2009.04.24 19:49:35.974,1.42545,1.426,1.60,3.20
2009.04.24 19:49:36.084,1.42545,1.426,1.60,8.00
2009.04.24 19:49:36.204,1.42545,1.42595,1.60,4.80
2009.04.24 19:49:36.535,1.4253,1.42595,3.20,4.80
2009.04.24 19:49:37.164,1.4253,1.42595,3.20,6.40
2009.04.24 19:49:37.454,1.42525,1.4259,6.40,3.20
2009.04.24 19:49:40.733,1.42525,1.4259,11.20,3.20
2009.04.24 19:49:43.883,1.4253,1.42595,6.40,4.80
2009.04.24 19:49:52.861,1.4253,1.42595,6.40,6.40
2009.04.24 19:49:52.980,1.4253,1.42595,3.20,6.40
2009.04.24 19:49:53.040,1.42525,1.4259,11.20,3.20
2009.04.24 19:49:54.370,1.4254,1.426,6.40,9.60
2009.04.24 19:49:54.880,1.4254,1.42605,6.40,3.20
2009.04.24 19:49:55.980,1.4254,1.42605,8.00,3.20
2009.04.24 19:50:01.128,1.42545,1.426,4.80,4.80
2009.04.24 19:50:01.409,1.42545,1.426,1.60,4.80
2009.04.24 19:50:18.204,1.42535,1.42585,1.60,8.00
2009.04.24 19:50:18.594,1.4253,1.42585,1.60,8.00
2009.04.24 19:50:18.834,1.42525,1.42585,8.00,8.00
2009.04.24 19:50:22.933,1.42525,1.42585,6.40,8.00
2009.04.24 19:50:23.103,1.4252,1.42585,11.20,8.00
2009.04.24 19:50:25.043,1.42525,1.4258,3.20,3.20
2009.04.24 19:50:25.393,1.425,1.4258,11.20,8.00
2009.04.24 19:50:26.023,1.4249,1.42565,9.60,4.80
2009.04.24 19:50:26.363,1.4249,1.4255,9.60,4.80
2009.04.24 19:50:27.252,1.425,1.4255,3.20,4.80
2009.04.24 19:50:27.432,1.42495,1.4255,3.20,4.80
2009.04.24 19:50:27.842,1.42485,1.42545,6.40,4.80
2009.04.24 19:50:29.952,1.42485,1.42545,3.20,4.80
2009.04.24 19:50:31.561,1.42485,1.42545,6.40,4.80
2009.04.24 19:50:36.410,1.4249,1.42545,4.80,4.80
2009.04.24 19:50:36.700,1.4249,1.4255,8.00,4.80
2009.04.24 19:50:36.870,1.4249,1.42545,8.00,4.80
2009.04.24 19:50:37.150,1.4249,1.4255,8.00,4.80
2009.04.24 19:50:38.909,1.42505,1.4255,3.20,4.80
2009.04.24 19:50:39.019,1.4251,1.4255,3.20,4.80
2009.04.24 19:50:39.079,1.4251,1.4255,3.20,6.40
2009.04.24 19:50:39.489,1.4251,1.42575,3.20,1.60
2009.04.24 19:50:52.866,1.4252,1.4257,8.00,1.60
2009.04.24 19:50:53.326,1.4252,1.4257,3.20,1.60
2009.04.24 19:50:54.205,1.4252,1.4257,8.00,1.60
2009.04.24 19:50:54.946,1.4252,1.4257,3.20,1.60
2009.04.24 19:50:56.285,1.4252,1.4257,8.00,1.60
2009.04.24 19:50:57.515,1.4252,1.4257,3.20,1.60
2009.04.24 19:51:03.953,1.42515,1.4258,8.00,3.20
2009.04.24 19:51:04.123,1.42515,1.4258,6.40,8.80
2009.04.24 19:51:04.473,1.42515,1.42565,9.60,4.80
2009.04.24 19:51:04.883,1.42515,1.4258,6.40,4.80
2009.04.24 19:51:05.123,1.4252,1.4258,4.80,4.80
2009.04.24 19:51:08.222,1.4252,1.42575,4.80,4.80
2009.04.24 19:51:11.972,1.42515,1.42565,3.20,3.20
2009.04.24 19:51:12.141,1.42505,1.42565,8.00,3.20
2009.04.24 19:51:12.952,1.42505,1.42565,8.00,4.00
2009.04.24 19:51:13.281,1.4251,1.42565,4.80,4.00
2009.04.24 19:51:20.509,1.4251,1.4256,4.80,5.00
2009.04.24 19:51:20.739,1.42515,1.4256,4.80,5.00
2009.04.24 19:51:21.029,1.4252,1.42575,6.40,5.00
2009.04.24 19:51:30.627,1.4252,1.4257,6.40,1.60
2009.04.24 19:51:33.256,1.4252,1.42575,6.40,5.00
2009.04.24 19:51:34.666,1.42525,1.42575,1.60,5.00
2009.04.24 19:51:40.175,1.42525,1.42575,4.80,5.00
2009.04.24 19:51:40.285,1.42515,1.4255,4.80,1.00
2009.04.24 19:51:40.574,1.42515,1.4255,6.40,1.00
2009.04.24 19:51:40.734,1.4249,1.4255,8.00,5.00
2009.04.24 19:51:41.185,1.4249,1.4255,3.20,5.00
2009.04.24 19:51:41.464,1.4249,1.4254,6.40,5.00
2009.04.24 19:51:41.754,1.42505,1.4255,1.60,6.60
2009.04.24 19:51:41.994,1.4252,1.4255,1.60,5.00
2009.04.24 19:51:42.464,1.42515,1.42555,6.40,2.40
2009.04.24 19:51:44.094,1.42515,1.42555,4.80,2.40
2009.04.24 19:51:44.394,1.4251,1.42555,3.20,4.80
2009.04.24 19:51:46.113,1.42495,1.42555,3.20,4.80
2009.04.24 19:51:46.523,1.42485,1.42555,8.00,8.00
2009.04.24 19:51:46.633,1.42485,1.4255,8.00,4.80
2009.04.24 19:51:46.983,1.42485,1.4255,8.00,8.00
2009.04.24 19:51:47.043,1.42485,1.42545,1.00,4.80
2009.04.24 19:51:49.522,1.4249,1.42545,3.20,4.80
2009.04.24 19:51:50.272,1.42485,1.42545,1.00,4.80
2009.04.24 19:51:52.612,1.42485,1.42545,1.00,6.40
2009.04.24 19:51:52.791,1.42485,1.4254,1.00,4.80
2009.04.24 19:51:53.261,1.42485,1.42535,1.00,4.80
2009.04.24 19:51:55.221,1.42485,1.4254,1.00,9.60
2009.04.24 19:51:55.981,1.42485,1.42535,1.00,4.80
2009.04.24 19:51:56.961,1.42485,1.4254,1.00,4.80
2009.04.24 19:52:01.459,1.42485,1.4253,1.00,3.20
2009.04.24 19:52:01.869,1.42485,1.42525,1.00,4.80
2009.04.24 19:52:06.019,1.42485,1.4253,1.00,5.60
2009.04.24 19:52:06.558,1.42485,1.42525,1.00,4.80
2009.04.24 19:52:09.188,1.42485,1.42525,1.00,8.00
2009.04.24 19:52:09.368,1.42485,1.42525,1.00,9.60
2009.04.24 19:52:09.658,1.42485,1.42525,1.00,7.20
2009.04.24 19:52:09.838,1.42485,1.4252,1.00,4.80
2009.04.24 19:52:12.257,1.42485,1.4252,1.00,6.40
2009.04.24 19:52:12.367,1.42485,1.42515,1.00,3.20
2009.04.24 19:52:12.647,1.42485,1.42515,1.00,8.00
2009.04.24 19:52:12.757,1.42485,1.42505,1.00,4.80
2009.04.24 19:52:36.071,1.42485,1.4252,1.00,6.40
2009.04.24 19:52:37.421,1.42485,1.4252,1.00,9.60
2009.04.24 19:52:37.591,1.42485,1.42515,1.00,4.80
2009.04.24 19:52:37.932,1.42485,1.42515,1.00,8.00
2009.04.24 19:52:39.071,1.42485,1.42505,1.00,4.80
2009.04.24 19:52:39.420,1.42485,1.425,1.00,4.80
2009.04.24 19:52:39.540,1.42485,1.42515,1.00,3.20
2009.04.24 19:52:42.739,1.42485,1.4252,1.00,6.40
2009.04.24 19:52:44.749,1.42485,1.4251,1.00,3.20
2009.04.24 19:52:45.099,1.42485,1.42505,1.00,4.80
2009.04.24 19:52:46.169,1.42485,1.425,1.00,4.80
2009.04.24 19:52:46.629,1.42485,1.42515,1.00,6.40
2009.04.24 19:52:46.689,1.42485,1.42515,1.00,6.40
2009.04.24 19:52:46.808,1.42485,1.42505,1.00,3.20
2009.04.24 19:52:49.278,1.42485,1.425,1.00,8.00
2009.04.24 19:52:51.577,1.42485,1.425,1.60,8.00
2009.04.24 19:52:52.037,1.4249,1.42525,1.60,7.20
2009.04.24 19:52:52.207,1.4249,1.4254,1.60,8.00
2009.04.24 19:52:57.206,1.42485,1.4252,4.80,7.20
2009.04.24 19:52:57.416,1.4249,1.42555,4.80,3.20
2009.04.24 19:52:57.826,1.42505,1.4256,4.80,3.20
2009.04.24 19:52:58.166,1.42515,1.4257,4.80,3.20
2009.04.24 19:52:58.516,1.4251,1.4256,4.80,3.20
2009.04.24 19:52:58.865,1.4251,1.42565,4.80,3.20
2009.04.24 19:52:58.966,1.4251,1.4259,4.80,8.00
2009.04.24 19:53:00.415,1.42475,1.42555,1.00,6.40
2009.04.24 19:53:04.634,1.42485,1.42525,1.00,1.60
2009.04.24 19:53:04.685,1.42485,1.4253,1.00,4.80
2009.04.24 19:53:04.984,1.42485,1.4252,1.00,8.00
2009.04.24 19:53:05.044,1.42485,1.4252,1.00,7.20
2009.04.24 19:53:05.224,1.42485,1.4253,1.00,3.20
2009.04.24 19:53:05.574,1.42485,1.42545,1.00,6.40
2009.04.24 19:53:05.924,1.42485,1.4253,1.00,3.20
2009.04.24 19:53:06.494,1.42485,1.4253,1.00,4.80
2009.04.24 19:53:07.523,1.42485,1.4253,1.00,5.60
2009.04.24 19:53:07.933,1.42485,1.42525,1.00,8.00
2009.04.24 19:53:08.393,1.42485,1.42525,1.00,7.20
2009.04.24 19:53:08.693,1.42485,1.4254,1.00,6.40
2009.04.24 19:53:08.983,1.42485,1.4253,1.60,3.20
2009.04.24 19:53:09.493,1.42485,1.4253,1.60,8.00
2009.04.24 19:53:11.073,1.42485,1.4252,1.60,8.00
2009.04.24 19:53:12.112,1.4249,1.4252,1.60,8.00
2009.04.24 19:53:12.342,1.425,1.4252,1.60,8.00
2009.04.24 19:53:12.692,1.425,1.42545,1.60,8.00
2009.04.24 19:53:16.855,1.425,1.42525,1.60,2.40
2009.04.24 19:53:17.541,1.42485,1.42525,3.20,2.40
2009.04.24 19:53:19.241,1.42485,1.4253,1.00,4.00
2009.04.24 19:53:19.830,1.42485,1.42525,1.00,4.80
2009.04.24 19:53:21.110,1.42485,1.42525,3.20,4.80
2009.04.24 19:53:21.460,1.425,1.42525,1.60,2.40
2009.04.24 19:53:23.070,1.425,1.42525,3.20,2.40
2009.04.24 19:53:23.540,1.4249,1.4257,3.20,4.80
2009.04.24 19:53:23.820,1.42505,1.42575,4.80,4.80
2009.04.24 19:53:23.939,1.42495,1.42565,4.80,3.20
2009.04.24 19:53:24.220,1.42485,1.42565,9.60,3.20
2009.04.24 19:53:24.270,1.42485,1.42565,4.80,3.20
2009.04.24 19:53:25.389,1.42495,1.4256,3.20,4.80
2009.04.24 19:53:25.909,1.42495,1.4257,8.00,4.80
2009.04.24 19:53:26.769,1.42495,1.4256,8.00,1.60
2009.04.24 19:53:26.889,1.42495,1.4256,4.80,1.60
2009.04.24 19:53:27.009,1.42495,1.42535,4.80,2.40
2009.04.24 19:53:27.309,1.42485,1.42535,3.20,2.40
2009.04.24 19:53:27.429,1.42485,1.42535,1.00,1.00
2009.04.24 19:53:27.549,1.42485,1.42535,1.00,2.40
2009.04.24 19:53:29.628,1.425,1.42525,3.20,2.40
2009.04.24 19:53:32.507,1.42505,1.42525,1.60,2.40
2009.04.24 19:53:32.907,1.4248,1.4253,3.20,7.20
2009.04.24 19:53:33.087,1.4248,1.4252,3.20,1.00
2009.04.24 19:53:33.207,1.4248,1.4252,3.20,2.40
2009.04.24 19:53:35.746,1.42485,1.42525,3.20,7.20
2009.04.24 19:53:36.526,1.42485,1.4252,3.20,4.00
2009.04.24 19:53:36.796,1.42485,1.42515,3.20,2.40
2009.04.24 19:53:38.066,1.425,1.42515,1.60,2.40
2009.04.24 19:53:38.626,1.425,1.4252,1.60,1.60
2009.04.24 19:53:38.846,1.42485,1.4252,1.00,4.80
2009.04.24 19:53:40.405,1.42485,1.42505,1.00,4.80
2009.04.24 19:53:42.325,1.42485,1.4251,1.00,9.60
2009.04.24 19:53:42.895,1.42485,1.4251,1.00,4.80
2009.04.24 19:53:43.805,1.42485,1.42495,1.00,1.60
2009.04.24 19:53:43.865,1.42485,1.4249,1.00,4.80
2009.04.24 19:53:44.315,1.42485,1.42505,1.00,4.80
2009.04.24 19:53:44.374,1.42485,1.42515,1.00,8.00
2009.04.24 19:53:46.044,1.42485,1.4251,1.00,3.20
2009.04.24 19:53:47.194,1.42485,1.42495,1.00,3.20
2009.04.24 19:53:48.134,1.42485,1.42505,1.00,4.80
2009.04.24 19:53:48.494,1.42485,1.4251,1.00,1.60
2009.04.24 19:53:53.832,1.42485,1.42515,1.00,13.60
2009.04.24 19:53:54.222,1.42485,1.425,1.00,3.20
2009.04.24 19:53:57.802,1.42485,1.425,1.00,2.40
2009.04.24 19:53:58.661,1.42485,1.425,1.00,1.60
2009.04.24 19:53:58.951,1.42485,1.42505,1.00,2.40
2009.04.24 19:53:59.751,1.42485,1.42505,1.00,4.00
2009.04.24 19:54:00.211,1.42485,1.425,1.00,4.80
2009.04.24 19:54:00.991,1.42485,1.4249,1.00,4.80
2009.04.24 19:54:03.950,1.42485,1.425,1.00,7.20
2009.04.24 19:54:11.268,1.42485,1.42495,1.00,2.40
2009.04.24 19:54:14.087,1.42485,1.4249,1.00,3.20
2009.04.24 19:54:14.438,1.42475,1.4248,1.00,3.20
2009.04.24 19:54:14.818,1.42475,1.42485,1.00,6.40
2009.04.24 19:54:15.107,1.42475,1.42485,1.00,3.20
2009.04.24 19:54:15.347,1.42475,1.42485,1.00,8.00
2009.04.24 19:54:16.907,1.42475,1.42485,1.00,10.40
2009.04.24 19:54:17.026,1.42475,1.42485,1.00,10.40
2009.04.24 19:54:18.216,1.42475,1.42485,1.00,7.20
2009.04.24 19:54:18.446,1.42475,1.4248,1.00,2.40
2009.04.24 19:54:18.666,1.42475,1.42485,1.00,4.80
2009.04.24 19:54:18.787,1.4241,1.4247,4.80,3.20
2009.04.24 19:54:18.846,1.4241,1.4247,3.20,1.40
2009.04.24 19:54:19.136,1.4239,1.42475,16.00,3.00
2009.04.24 19:54:19.196,1.424,1.42475,8.00,3.00
2009.04.24 19:54:19.496,1.424,1.4247,8.00,1.40
2009.04.24 19:54:19.606,1.424,1.4249,8.00,12.80
2009.04.24 19:54:19.896,1.42415,1.4249,11.20,9.60
2009.04.24 19:54:20.246,1.42415,1.42495,16.00,9.60
2009.04.24 19:54:20.816,1.42415,1.4248,8.00,6.20
2009.04.24 19:54:22.785,1.42415,1.42475,8.00,4.80
2009.04.24 19:54:23.125,1.42415,1.4247,8.00,4.80
2009.04.24 19:54:26.784,1.42415,1.4247,4.80,4.80
2009.04.24 19:54:27.994,1.42415,1.4248,8.00,7.80
2009.04.24 19:54:28.974,1.42415,1.4248,8.00,8.00
2009.04.24 19:54:29.214,1.42415,1.42475,3.20,4.80
2009.04.24 19:54:29.903,1.42415,1.42475,6.40,4.80
2009.04.24 19:54:30.713,1.42415,1.4248,6.40,8.00
2009.04.24 19:54:32.193,1.4243,1.4248,4.80,4.80
2009.04.24 19:54:32.353,1.4243,1.42485,4.80,8.00
2009.04.24 19:54:32.763,1.4243,1.42485,4.80,3.20
2009.04.24 19:54:34.103,1.42425,1.42485,8.00,3.20
2009.04.24 19:54:34.333,1.42425,1.42485,4.80,3.20
2009.04.24 19:54:34.783,1.4243,1.42475,4.80,1.60
2009.04.24 19:54:41.961,1.4243,1.42485,4.80,3.20
2009.04.24 19:54:43.270,1.42435,1.4248,1.60,1.60
2009.04.24 19:54:43.450,1.42445,1.4249,1.60,4.80
2009.04.24 19:54:43.800,1.42445,1.42495,1.60,13.60
2009.04.24 19:54:48.769,1.42445,1.42495,1.60,10.40
2009.04.24 19:54:50.169,1.42445,1.42495,1.60,13.60
2009.04.24 19:54:50.738,1.42445,1.4249,1.60,4.00
2009.04.24 19:54:51.198,1.42445,1.4249,1.60,2.40
2009.04.24 19:54:52.068,1.4244,1.4249,3.20,2.40
2009.04.24 19:54:52.178,1.4245,1.4249,1.60,2.40
2009.04.24 19:54:54.227,1.4244,1.4249,3.20,2.40
2009.04.24 19:54:56.087,1.4245,1.4249,1.60,2.40
2009.04.24 19:54:57.927,1.42445,1.4249,1.60,2.40
2009.04.24 19:55:00.056,1.42445,1.42495,1.60,4.00
2009.04.24 19:55:00.297,1.4243,1.42495,8.00,8.80
2009.04.24 19:55:00.476,1.4243,1.42495,3.20,8.80
2009.04.24 19:55:00.706,1.4243,1.4249,3.20,4.80
2009.04.24 19:55:02.456,1.4244,1.4249,4.80,4.80
2009.04.24 19:55:02.565,1.4244,1.4249,6.40,4.80
2009.04.24 19:55:03.085,1.4244,1.425,4.80,6.40
2009.04.24 19:55:03.195,1.4244,1.42495,4.80,9.60
2009.04.24 19:55:03.555,1.4244,1.4249,3.20,4.80
2009.04.24 19:55:03.725,1.4244,1.4249,8.00,4.80
2009.04.24 19:55:03.955,1.4244,1.4249,12.80,4.80
2009.04.24 19:55:04.125,1.4244,1.42505,12.80,3.20
2009.04.24 19:55:04.525,1.4244,1.42515,12.80,4.80
2009.04.24 19:55:04.645,1.4245,1.42525,4.80,8.00
2009.04.24 19:55:05.175,1.42455,1.42525,4.80,3.20
2009.04.24 19:55:05.715,1.42455,1.4253,4.80,4.80
2009.04.24 19:55:05.955,1.4247,1.4254,4.80,8.00
2009.04.24 19:55:06.418,1.4247,1.42545,4.80,8.00
2009.04.24 19:55:06.644,1.4247,1.4255,4.80,4.80
2009.04.24 19:55:06.765,1.42475,1.4255,4.80,4.80
2009.04.24 19:55:08.354,1.4247,1.42545,4.80,11.20
2009.04.24 19:55:08.874,1.42435,1.4253,4.80,4.80
2009.04.24 19:55:09.274,1.4243,1.42525,4.80,4.80
2009.04.24 19:55:09.734,1.42425,1.42485,4.80,4.80
2009.04.24 19:55:10.344,1.4241,1.42485,3.20,4.80
2009.04.24 19:55:10.523,1.4241,1.4249,3.20,4.80
2009.04.24 19:55:10.854,1.4241,1.4248,3.20,8.00
2009.04.24 19:55:12.063,1.42415,1.4248,3.20,3.20
2009.04.24 19:55:13.033,1.42415,1.4248,3.20,4.80
2009.04.24 19:55:13.193,1.42415,1.4249,4.80,4.80
2009.04.24 19:55:15.723,1.42415,1.4249,8.00,4.80
2009.04.24 19:55:15.832,1.42415,1.4249,4.80,4.80
2009.04.24 19:55:16.922,1.42415,1.4249,8.00,4.80
2009.04.24 19:55:17.202,1.42415,1.42485,8.00,4.80
2009.04.24 19:55:17.442,1.42415,1.4249,8.00,4.80
2009.04.24 19:55:20.361,1.424,1.4247,3.20,8.00
2009.04.24 19:55:20.541,1.42405,1.4247,3.20,4.80
2009.04.24 19:55:20.931,1.42405,1.42475,6.40,4.80
2009.04.24 19:55:21.101,1.4241,1.42485,4.80,7.20
2009.04.24 19:55:21.281,1.4241,1.42485,4.80,5.60
2009.04.24 19:55:21.581,1.4241,1.42485,4.80,4.80
2009.04.24 19:55:21.871,1.42405,1.4248,8.00,4.80
2009.04.24 19:55:22.551,1.4241,1.42485,4.80,4.80
2009.04.24 19:55:25.270,1.42415,1.4249,4.80,4.80
2009.04.24 19:55:25.730,1.4242,1.4249,3.20,4.80
2009.04.24 19:55:26.250,1.4243,1.42505,4.80,13.60
2009.04.24 19:55:27.879,1.42425,1.425,4.80,4.80
2009.04.24 19:55:28.629,1.4244,1.425,3.20,8.80
2009.04.24 19:55:29.039,1.4244,1.425,3.20,2.40
2009.04.24 19:55:30.889,1.42435,1.42495,8.00,3.20
2009.04.24 19:55:31.179,1.4243,1.42495,4.80,6.40
2009.04.24 19:55:31.409,1.42425,1.4249,4.80,4.80
2009.04.24 19:55:31.698,1.42425,1.425,4.80,12.00
2009.04.24 19:55:32.148,1.42425,1.425,4.80,4.80
2009.04.24 19:55:33.938,1.4242,1.42485,4.80,3.20
2009.04.24 19:55:34.268,1.42415,1.42485,12.80,3.20
2009.04.24 19:55:34.598,1.42425,1.42485,4.80,8.00
2009.04.24 19:55:36.018,1.42425,1.42485,4.80,3.20
2009.04.24 19:55:37.468,1.4242,1.4249,3.20,4.80
2009.04.24 19:55:37.928,1.4243,1.42505,4.80,12.80
2009.04.24 19:55:38.207,1.4243,1.42505,4.80,4.80
2009.04.24 19:55:38.447,1.4243,1.42505,4.80,8.00
2009.04.24 19:55:39.037,1.4243,1.42505,4.80,4.80
2009.04.24 19:55:39.308,1.42435,1.4251,4.80,10.40
2009.04.24 19:55:40.286,1.42435,1.42495,4.80,3.20
2009.04.24 19:55:40.516,1.4242,1.42495,8.00,3.20
2009.04.24 19:55:41.536,1.4242,1.4248,8.00,3.20
2009.04.24 19:55:41.836,1.4242,1.4248,4.80,3.20
2009.04.24 19:55:43.346,1.42415,1.4248,8.00,3.20
2009.04.24 19:55:44.086,1.42415,1.42475,8.00,3.20
2009.04.24 19:55:44.445,1.42415,1.42475,8.00,3.20
2009.04.24 19:55:44.496,1.42415,1.42475,3.20,3.20
2009.04.24 19:55:52.394,1.42415,1.42475,3.20,3.20
2009.04.24 19:55:53.073,1.4241,1.42475,4.80,3.20
2009.04.24 19:55:53.433,1.42415,1.42485,3.20,8.00
2009.04.24 19:55:53.853,1.42415,1.4248,4.80,3.20
2009.04.24 19:55:54.633,1.4241,1.4248,4.80,3.20
2009.04.24 19:55:55.253,1.42415,1.42475,1.00,3.20
2009.04.24 19:55:55.313,1.42415,1.4247,1.00,3.20
2009.04.24 19:55:56.352,1.42415,1.4247,1.00,4.80
2009.04.24 19:55:56.813,1.42415,1.42455,1.00,4.80
2009.04.24 19:56:03.451,1.42415,1.42465,1.00,12.00
2009.04.24 19:56:04.101,1.42415,1.42465,1.00,7.20
2009.04.24 19:56:05.280,1.42415,1.42465,1.00,4.00
2009.04.24 19:56:06.840,1.42415,1.4246,1.00,3.20
2009.04.24 19:56:15.308,1.42415,1.4245,1.00,4.80
2009.04.24 19:56:17.358,1.42415,1.4245,1.00,8.00
2009.04.24 19:56:18.008,1.42415,1.4245,1.00,4.80
2009.04.24 19:56:18.367,1.42415,1.4246,1.00,9.60
2009.04.24 19:56:19.067,1.42415,1.4246,1.00,4.80
2009.04.24 19:56:23.086,1.42375,1.4246,4.80,4.80
2009.04.24 19:56:26.705,1.4239,1.4246,3.20,4.80
2009.04.24 19:56:36.403,1.4239,1.42465,8.00,11.20
2009.04.24 19:56:58.587,1.42395,1.42435,1.00,3.20
2009.04.24 19:56:59.718,1.42395,1.42435,1.00,6.40
2009.04.24 19:57:02.897,1.42395,1.42435,1.00,3.20
2009.04.24 19:57:06.626,1.42395,1.42435,1.00,6.40
2009.04.24 19:57:06.856,1.42395,1.42435,1.00,3.20
2009.04.24 19:57:07.095,1.42395,1.42435,1.00,6.40
2009.04.24 19:57:07.265,1.42395,1.42435,1.00,3.20
2009.04.24 19:57:19.402,1.42395,1.4244,1.00,4.80
2009.04.24 19:57:21.572,1.42395,1.42425,1.00,3.20
2009.04.24 19:57:22.102,1.42395,1.42415,1.00,4.80
2009.04.24 19:57:30.580,1.42395,1.4242,1.00,10.40
2009.04.24 19:57:31.640,1.42395,1.42415,1.00,8.00
2009.04.24 19:57:31.990,1.42395,1.4241,1.00,4.80
2009.04.24 19:57:33.170,1.42395,1.42415,1.00,4.80
2009.04.24 19:57:33.639,1.42395,1.4241,1.00,4.80
2009.04.24 19:57:36.528,1.42395,1.42405,1.00,4.80
2009.04.24 19:57:42.298,1.42395,1.4241,1.00,4.80
2009.04.24 19:57:43.177,1.42395,1.42405,1.00,4.80
2009.04.24 19:57:45.956,1.42385,1.4239,1.00,3.20
2009.04.24 19:57:46.616,1.42315,1.4241,8.00,5.60
2009.04.24 19:57:47.026,1.42315,1.4241,8.00,4.80
2009.04.24 19:57:47.376,1.42325,1.4242,4.80,4.80
2009.04.24 19:57:55.294,1.4234,1.42415,4.80,8.00
2009.04.24 19:57:56.693,1.4233,1.42405,12.80,4.80
2009.04.24 19:57:57.033,1.4233,1.42405,8.00,4.80
2009.04.24 19:58:03.662,1.42335,1.4241,4.80,4.80
2009.04.24 19:58:06.491,1.4235,1.4241,3.20,4.80
2009.04.24 19:58:06.811,1.42345,1.4242,8.00,8.00
2009.04.24 19:58:07.271,1.4233,1.42415,8.00,4.80
2009.04.24 19:58:08.711,1.4234,1.42415,4.80,4.80
2009.04.24 19:58:09.460,1.42335,1.4241,4.80,4.80
2009.04.24 19:58:11.130,1.4233,1.42405,8.00,4.80
2009.04.24 19:58:13.219,1.4233,1.42405,4.80,8.00
2009.04.24 19:58:13.449,1.42325,1.424,11.20,4.80
2009.04.24 19:58:14.260,1.42325,1.424,4.80,12.80
2009.04.24 19:58:14.379,1.42315,1.4239,4.80,4.80
2009.04.24 19:58:15.089,1.42325,1.4239,3.20,4.80
2009.04.24 19:58:15.259,1.42325,1.42395,3.20,4.80
2009.04.24 19:58:16.468,1.4232,1.42395,4.80,4.80
2009.04.24 19:58:16.979,1.42305,1.4238,8.00,4.80
2009.04.24 19:58:18.478,1.423,1.42375,4.80,4.80
2009.04.24 19:58:18.768,1.4229,1.42365,8.00,4.80
2009.04.24 19:58:20.728,1.4229,1.4236,3.20,4.80
2009.04.24 19:58:21.348,1.4229,1.42365,4.80,4.80
2009.04.24 19:58:21.647,1.42285,1.4236,4.80,4.80
2009.04.24 19:58:22.167,1.4229,1.4237,4.80,4.80
2009.04.24 19:58:24.347,1.4229,1.42355,4.80,3.20
2009.04.24 19:58:24.687,1.42275,1.42355,11.20,8.00
2009.04.24 19:58:24.856,1.42275,1.4235,11.20,4.80
2009.04.24 19:58:25.636,1.42275,1.42335,3.20,4.80
2009.04.24 19:58:26.096,1.42275,1.4235,11.20,4.80
2009.04.24 19:58:26.546,1.42295,1.4235,4.80,4.80
2009.04.24 19:58:27.066,1.423,1.42385,4.80,3.20
2009.04.24 19:58:27.406,1.423,1.42385,4.80,6.40
2009.04.24 19:58:28.266,1.4231,1.42375,4.80,3.20
2009.04.24 19:58:29.965,1.4231,1.42375,4.80,6.40
2009.04.24 19:58:30.536,1.4231,1.4237,6.40,6.40
2009.04.24 19:58:31.245,1.42315,1.4237,1.60,6.40
2009.04.24 19:58:46.152,1.42305,1.4238,4.80,4.80
2009.04.24 19:58:46.551,1.4231,1.4238,8.00,4.80
2009.04.24 19:58:47.261,1.4231,1.42375,8.00,4.80
2009.04.24 19:58:48.991,1.4231,1.4238,3.20,4.80
2009.04.24 19:58:51.890,1.4231,1.42375,3.20,3.20
2009.04.24 19:58:52.350,1.4231,1.4238,3.20,4.80
2009.04.24 19:58:52.760,1.4231,1.42385,3.20,14.40
2009.04.24 19:58:54.800,1.42305,1.4237,4.80,3.20
2009.04.24 19:58:54.909,1.42295,1.4237,9.60,8.00
2009.04.24 19:58:54.969,1.42295,1.4237,4.80,8.00
2009.04.24 19:58:56.919,1.4231,1.4237,4.80,3.20
2009.04.24 19:58:57.269,1.4231,1.4238,4.80,8.00
2009.04.24 19:58:57.379,1.4231,1.4238,4.80,3.20
2009.04.24 19:58:58.339,1.42315,1.42375,4.80,3.20
2009.04.24 19:58:58.738,1.42315,1.4237,4.80,3.20
2009.04.24 19:58:58.918,1.423,1.4237,3.20,4.80
2009.04.24 19:58:59.248,1.42295,1.4237,8.00,8.00
2009.04.24 19:58:59.478,1.42295,1.4237,8.00,3.20
2009.04.24 19:58:59.768,1.42295,1.42365,3.20,3.20
2009.04.24 19:58:59.938,1.42295,1.42365,3.20,8.00
2009.04.24 19:59:01.268,1.4229,1.42365,8.00,11.20
2009.04.24 19:59:01.438,1.42285,1.4236,8.00,8.00
2009.04.24 19:59:01.988,1.42285,1.42355,3.20,4.80
2009.04.24 19:59:04.127,1.42285,1.4236,8.00,8.00
2009.04.24 19:59:05.387,1.42285,1.42345,8.00,3.20
2009.04.24 19:59:05.557,1.4228,1.42345,4.80,3.20
2009.04.24 19:59:05.987,1.4227,1.42345,8.00,8.00
2009.04.24 19:59:06.506,1.4227,1.4234,3.20,4.80
2009.04.24 19:59:07.486,1.4227,1.42335,3.20,4.80
2009.04.24 19:59:09.086,1.4226,1.4233,12.80,3.20
2009.04.24 19:59:09.546,1.4226,1.4233,12.80,6.40
2009.04.24 19:59:09.666,1.4226,1.42325,3.20,4.80
2009.04.24 19:59:11.515,1.4227,1.4233,4.80,6.40
2009.04.24 19:59:11.635,1.4227,1.42325,8.00,4.80
2009.04.24 19:59:12.325,1.4227,1.4235,12.80,4.80
2009.04.24 19:59:13.815,1.4228,1.42345,3.20,4.80
2009.04.24 19:59:13.935,1.4228,1.42355,3.20,4.80
2009.04.24 19:59:14.265,1.4229,1.42355,3.20,4.80
2009.04.24 19:59:14.435,1.42295,1.42355,3.20,4.80
2009.04.24 19:59:14.545,1.42295,1.42365,3.20,9.60
2009.04.24 19:59:14.834,1.42295,1.4237,3.20,9.60
