2017.05.17 21:00:00.146,1.43718,1.43832,0.19,0.37
2017.05.17 21:00:01.837,1.43663,1.43782,0.75,0.75
2017.05.17 21:00:04.551,1.43663,1.43787,0.75,0.75
2017.05.17 21:00:05.193,1.43663,1.43783,0.75,1.50
2017.05.17 21:00:07.100,1.43668,1.43783,0.75,1.50
2017.05.17 21:00:07.753,1.4366,1.43783,1.50,1.50
2017.05.17 21:00:12.053,1.43698,1.43827,0.75,3.75
2017.05.17 21:00:12.120,1.437,1.43827,1.50,1.50
2017.05.17 21:00:17.115,1.437,1.43788,1.50,0.75
2017.05.17 21:00:17.165,1.437,1.43827,1.50,1.50
2017.05.17 21:00:17.216,1.43677,1.43783,0.37,1.50
2017.05.17 21:00:30.018,1.43683,1.43812,3.75,0.75
2017.05.17 21:00:30.907,1.43698,1.43807,0.75,0.75
2017.05.17 21:00:31.198,1.43686,1.43809,1.50,1.50
2017.05.17 21:00:38.108,1.43703,1.43805,0.75,0.75
2017.05.17 21:00:39.493,1.43699,1.43805,0.75,0.75
2017.05.17 21:00:43.039,1.43667,1.43778,0.75,0.75
2017.05.17 21:00:43.190,1.43672,1.43782,0.75,1.50
2017.05.17 21:00:45.434,1.43667,1.43778,0.75,0.75
2017.05.17 21:00:49.410,1.43692,1.43782,0.75,3.75
2017.05.17 21:00:49.518,1.43692,1.43787,0.75,0.75
2017.05.17 21:00:49.989,1.43679,1.43778,0.75,0.75
2017.05.17 21:00:50.090,1.43667,1.43778,0.75,0.75
2017.05.17 21:00:53.425,1.43692,1.43782,0.75,3.75
2017.05.17 21:00:53.478,1.43692,1.43787,0.75,0.75
2017.05.17 21:00:54.798,1.43692,1.43786,0.75,0.67
2017.05.17 21:00:55.717,1.43698,1.43786,0.75,0.67
2017.05.17 21:00:55.838,1.43698,1.43807,0.75,0.75
2017.05.17 21:00:56.328,1.43687,1.43788,2.25,0.75
2017.05.17 21:00:56.589,1.43663,1.43777,0.75,0.75
2017.05.17 21:00:56.987,1.43663,1.43783,0.75,3.67
2017.05.17 21:00:57.392,1.43663,1.43777,0.75,0.75
2017.05.17 21:01:00.214,1.43683,1.43767,0.75,0.75
2017.05.17 21:01:03.116,1.43677,1.43743,0.75,0.75
2017.05.17 21:01:03.818,1.43678,1.43742,0.75,0.75
2017.05.17 21:01:05.573,1.43677,1.43743,0.75,0.75
2017.05.17 21:01:08.549,1.43664,1.43717,1.12,0.75
2017.05.17 21:01:08.600,1.43678,1.43742,0.75,0.75
2017.05.17 21:01:08.702,1.43693,1.43745,0.75,0.75
2017.05.17 21:01:08.812,1.43693,1.43752,0.75,0.75
2017.05.17 21:01:10.654,1.43692,1.43748,0.75,0.75
2017.05.17 21:01:10.959,1.43688,1.43742,0.75,0.75
2017.05.17 21:01:12.316,1.43668,1.43727,0.75,0.75
2017.05.17 21:01:12.626,1.43688,1.43742,0.75,0.75
2017.05.17 21:01:16.941,1.43692,1.43748,0.75,0.75
2017.05.17 21:01:16.992,1.43693,1.43752,0.75,0.75
2017.05.17 21:01:28.678,1.43673,1.43737,0.75,0.75
2017.05.17 21:01:29.669,1.4367,1.43737,1.12,0.75
2017.05.17 21:01:29.813,1.43663,1.43737,1.87,0.75
2017.05.17 21:01:31.979,1.43663,1.43742,1.87,0.75
2017.05.17 21:01:34.432,1.43664,1.43742,1.12,0.75
2017.05.17 21:01:35.127,1.43663,1.43742,0.75,0.75
2017.05.17 21:01:38.961,1.43663,1.43737,0.75,0.75
2017.05.17 21:01:46.974,1.43653,1.43747,0.75,0.75
2017.05.17 21:01:50.676,1.43658,1.43751,0.75,0.75
2017.05.17 21:02:00.373,1.43658,1.43752,0.75,0.75
2017.05.17 21:02:05.049,1.43663,1.43742,0.75,0.75
2017.05.17 21:02:06.149,1.43652,1.43733,0.75,0.75
2017.05.17 21:02:06.199,1.43663,1.43737,0.75,0.75
2017.05.17 21:02:06.543,1.43663,1.43742,0.75,0.75
2017.05.17 21:02:09.613,1.43658,1.43732,0.75,0.75
2017.05.17 21:02:12.002,1.43663,1.43742,0.75,0.75
2017.05.17 21:02:24.179,1.43667,1.43743,0.75,0.75
2017.05.17 21:02:26.339,1.43667,1.43733,0.75,0.75
2017.05.17 21:02:28.614,1.43662,1.43738,0.75,0.75
2017.05.17 21:02:36.630,1.43662,1.43738,0.75,0.75
2017.05.17 21:02:45.002,1.43662,1.43738,0.75,0.75
2017.05.17 21:02:48.488,1.43657,1.43733,0.75,0.75
2017.05.17 21:02:52.892,1.43657,1.43733,0.75,0.75
2017.05.17 21:02:56.161,1.43653,1.43727,0.75,0.75
2017.05.17 21:03:13.889,1.43652,1.43728,0.75,0.75
2017.05.17 21:03:26.708,1.43667,1.43733,0.75,0.75
2017.05.17 21:03:28.874,1.43653,1.43727,0.75,0.75
2017.05.17 21:03:28.976,1.43667,1.43733,0.75,0.75
2017.05.17 21:03:30.843,1.43653,1.43727,0.75,0.75
2017.05.17 21:03:35.554,1.43636,1.43728,0.75,0.75
2017.05.17 21:03:35.606,1.43653,1.43727,0.75,0.75
2017.05.17 21:03:41.830,1.43658,1.43732,0.75,0.75
2017.05.17 21:03:44.123,1.43642,1.43738,0.75,0.75
2017.05.17 21:03:44.188,1.43657,1.43733,0.75,0.75
2017.05.17 21:04:00.654,1.43647,1.43713,2.25,0.75
2017.05.17 21:04:00.705,1.43657,1.43733,0.75,0.75
2017.05.17 21:04:00.756,1.43657,1.43729,0.75,1.50
2017.05.17 21:04:00.858,1.43658,1.43732,0.75,1.50
2017.05.17 21:04:03.584,1.43653,1.43717,1.00,0.75
2017.05.17 21:04:07.358,1.43653,1.43717,1.19,1.00
2017.05.17 21:04:08.128,1.43653,1.43717,1.19,1.00
2017.05.17 21:04:15.836,1.43658,1.43731,1.00,1.69
2017.05.17 21:04:16.827,1.43678,1.43742,0.94,1.00
2017.05.17 21:04:24.724,1.43658,1.43732,1.00,1.19
2017.05.17 21:04:28.559,1.43657,1.43723,1.00,1.00
2017.05.17 21:04:29.079,1.43657,1.43723,1.19,1.00
2017.05.17 21:04:29.835,1.43663,1.43727,1.00,1.19
2017.05.17 21:04:30.544,1.43653,1.43717,1.19,1.00
2017.05.17 21:04:30.595,1.43653,1.43717,1.19,1.00
2017.05.17 21:04:30.851,1.43658,1.43722,1.00,1.19
2017.05.17 21:04:43.828,1.43657,1.43723,1.00,1.19
2017.05.17 21:04:44.818,1.43657,1.43723,0.94,1.00
2017.05.17 21:04:45.631,1.43657,1.43723,1.69,1.00
2017.05.17 21:05:03.016,1.43658,1.43723,1.19,1.00
2017.05.17 21:05:03.706,1.43658,1.43722,1.69,1.00
2017.05.17 21:05:05.744,1.43658,1.43723,1.19,1.00
2017.05.17 21:05:06.486,1.43658,1.43718,1.19,1.00
2017.05.17 21:05:07.475,1.43658,1.43712,1.19,1.00
2017.05.17 21:05:09.065,1.43658,1.43717,1.19,1.00
2017.05.17 21:05:10.033,1.43657,1.43717,1.19,1.00
2017.05.17 21:05:10.191,1.43658,1.43722,1.19,1.00
2017.05.17 21:05:12.042,1.43657,1.43717,1.19,1.00
2017.05.17 21:05:12.373,1.43657,1.43712,1.19,1.00
2017.05.17 21:05:12.970,1.43657,1.43713,1.19,1.00
2017.05.17 21:05:15.759,1.43657,1.43717,1.19,1.00
2017.05.17 21:05:20.049,1.43658,1.43717,1.19,1.00
2017.05.17 21:05:21.390,1.43658,1.43715,1.19,1.19
2017.05.17 21:05:23.157,1.43658,1.43715,1.19,1.19
2017.05.17 21:05:24.062,1.43658,1.43716,1.19,1.00
2017.05.17 21:05:24.116,1.43658,1.43715,1.19,1.19
2017.05.17 21:05:24.222,1.43658,1.43716,1.19,1.00
2017.05.17 21:05:24.523,1.43658,1.43716,1.19,1.19
2017.05.17 21:05:24.675,1.43658,1.43715,1.19,1.00
2017.05.17 21:05:25.215,1.43658,1.43716,1.69,1.00
2017.05.17 21:05:25.317,1.43658,1.43716,1.69,1.19
2017.05.17 21:05:25.368,1.43658,1.43716,1.69,1.00
2017.05.17 21:05:26.047,1.43658,1.43716,1.50,1.00
2017.05.17 21:05:26.603,1.43658,1.43715,1.00,1.00
2017.05.17 21:05:26.654,1.43649,1.43702,1.19,1.00
2017.05.17 21:05:26.705,1.43633,1.43703,2.25,1.00
2017.05.17 21:05:27.245,1.43633,1.43702,1.00,1.00
2017.05.17 21:05:27.348,1.43638,1.43702,1.00,1.00
2017.05.17 21:05:28.845,1.43638,1.43694,1.00,1.00
2017.05.17 21:05:29.013,1.4364,1.43699,1.19,1.00
2017.05.17 21:05:37.130,1.43638,1.43699,1.00,1.00
2017.05.17 21:05:37.637,1.43638,1.437,1.00,1.00
2017.05.17 21:05:39.565,1.43622,1.43698,1.00,1.00
2017.05.17 21:05:39.617,1.43628,1.437,1.00,1.00
2017.05.17 21:05:40.246,1.43628,1.43699,1.00,1.00
2017.05.17 21:05:40.598,1.43618,1.43693,1.00,1.00
2017.05.17 21:05:40.903,1.43612,1.43688,1.00,1.00
2017.05.17 21:05:41.507,1.43648,1.43691,1.00,1.00
2017.05.17 21:05:41.558,1.43613,1.43687,1.00,1.00
2017.05.17 21:05:41.710,1.43598,1.43691,1.00,1.00
2017.05.17 21:05:41.761,1.43613,1.43687,1.00,1.00
2017.05.17 21:05:41.812,1.43597,1.43691,1.00,1.00
2017.05.17 21:05:44.771,1.43609,1.43692,1.13,1.50
2017.05.17 21:05:45.282,1.43603,1.43691,1.00,1.00
2017.05.17 21:05:47.545,1.43603,1.43692,1.00,1.00
2017.05.17 21:05:48.305,1.43597,1.43687,1.00,1.00
2017.05.17 21:05:49.086,1.43597,1.43687,1.00,1.00
2017.05.17 21:05:49.970,1.43597,1.43691,1.00,1.00
2017.05.17 21:05:50.504,1.43598,1.43691,1.00,1.00
2017.05.17 21:05:52.716,1.43613,1.43687,1.00,1.00
2017.05.17 21:06:00.760,1.43612,1.43663,1.00,1.12
2017.05.17 21:06:00.915,1.43602,1.43655,1.00,1.00
2017.05.17 21:06:01.018,1.43598,1.43653,1.00,1.50
2017.05.17 21:06:01.578,1.43597,1.43653,1.00,1.00
2017.05.17 21:06:02.090,1.43598,1.43653,1.00,1.00
2017.05.17 21:06:02.382,1.43598,1.43658,1.00,1.50
2017.05.17 21:06:02.888,1.43598,1.43659,1.00,1.50
2017.05.17 21:06:03.465,1.43598,1.43657,1.00,1.00
2017.05.17 21:06:05.126,1.43597,1.43658,1.00,1.00
2017.05.17 21:06:06.247,1.43598,1.43659,1.00,1.50
2017.05.17 21:06:06.399,1.43597,1.43671,1.00,1.50
2017.05.17 21:06:06.451,1.43598,1.43674,1.00,1.00
2017.05.17 21:06:07.437,1.43597,1.43675,1.00,1.00
2017.05.17 21:06:08.428,1.43598,1.43674,1.00,1.00
2017.05.17 21:06:08.808,1.43597,1.43684,1.00,1.00
2017.05.17 21:06:09.012,1.43598,1.43678,1.00,1.00
2017.05.17 21:06:09.730,1.43597,1.43679,1.00,1.00
2017.05.17 21:06:10.439,1.43598,1.43678,1.00,1.00
2017.05.17 21:06:11.015,1.43598,1.43657,1.00,1.19
2017.05.17 21:06:11.320,1.43598,1.43639,1.00,1.00
2017.05.17 21:06:12.294,1.43597,1.43639,1.00,1.00
2017.05.17 21:06:13.031,1.43598,1.43639,1.00,1.00
2017.05.17 21:06:13.965,1.43597,1.43639,1.00,1.00
2017.05.17 21:06:14.680,1.43598,1.43639,1.00,1.00
2017.05.17 21:06:16.153,1.43597,1.43639,1.00,1.00
2017.05.17 21:06:17.393,1.43598,1.43639,1.00,1.00
2017.05.17 21:06:18.215,1.43597,1.43639,1.00,1.00
2017.05.17 21:06:18.721,1.43598,1.43639,1.00,1.00
2017.05.17 21:06:19.316,1.43597,1.43639,1.00,1.00
2017.05.17 21:06:20.345,1.43598,1.43639,1.00,1.00
2017.05.17 21:06:21.032,1.43597,1.43639,1.00,1.00
2017.05.17 21:06:21.552,1.43598,1.43639,1.00,1.00
2017.05.17 21:06:22.738,1.43597,1.43639,1.00,1.00
2017.05.17 21:06:22.891,1.43598,1.43647,1.00,1.00
2017.05.17 21:06:23.321,1.43597,1.43639,1.00,1.00
2017.05.17 21:06:24.587,1.43598,1.43639,1.00,1.00
2017.05.17 21:06:25.441,1.43592,1.43612,1.75,1.00
2017.05.17 21:06:25.595,1.43513,1.43597,1.00,1.19
2017.05.17 21:06:25.647,1.435,1.43597,1.00,1.19
2017.05.17 21:06:25.699,1.435,1.43598,1.00,1.19
2017.05.17 21:06:26.767,1.43509,1.43597,1.00,1.19
2017.05.17 21:06:26.920,1.4357,1.4362,1.75,1.00
2017.05.17 21:06:27.225,1.43568,1.43616,1.75,1.00
2017.05.17 21:06:27.482,1.43492,1.43578,1.00,1.19
2017.05.17 21:06:29.760,1.43567,1.43598,0.75,1.50
2017.05.17 21:06:30.063,1.43568,1.43603,1.75,1.00
2017.05.17 21:06:30.591,1.43568,1.43604,1.75,1.00
2017.05.17 21:06:31.129,1.43514,1.43582,1.00,1.19
2017.05.17 21:06:31.282,1.43516,1.43582,1.00,1.19
2017.05.17 21:06:31.929,1.43513,1.43582,1.00,1.19
2017.05.17 21:06:32.446,1.43524,1.43582,1.00,1.19
2017.05.17 21:06:32.982,1.43523,1.43582,1.00,1.19
2017.05.17 21:06:34.242,1.43572,1.43604,1.75,1.69
2017.05.17 21:06:36.517,1.43571,1.43602,1.75,1.50
2017.05.17 21:06:36.784,1.43514,1.43567,1.00,1.50
2017.05.17 21:06:36.836,1.43493,1.43567,1.00,2.25
2017.05.17 21:06:36.887,1.43491,1.43558,1.00,1.19
2017.05.17 21:06:36.938,1.43497,1.43574,1.00,1.19
2017.05.17 21:06:36.989,1.43503,1.43574,1.00,1.00
2017.05.17 21:06:37.295,1.43504,1.43574,1.00,1.19
2017.05.17 21:06:37.346,1.435,1.43574,1.00,1.19
2017.05.17 21:06:37.881,1.43511,1.43574,1.00,1.19
2017.05.17 21:06:38.200,1.43508,1.43575,1.00,1.19
2017.05.17 21:06:38.310,1.43504,1.43575,1.00,1.19
2017.05.17 21:06:38.825,1.43503,1.43575,1.00,1.19
2017.05.17 21:06:40.979,1.43507,1.43583,1.00,1.19
2017.05.17 21:06:41.522,1.43509,1.43579,1.00,1.19
2017.05.17 21:06:41.674,1.43507,1.43579,1.50,1.19
2017.05.17 21:06:42.069,1.43529,1.43592,1.00,1.69
2017.05.17 21:06:42.397,1.43531,1.43592,1.00,1.69
2017.05.17 21:06:42.714,1.43539,1.43592,1.00,1.69
2017.05.17 21:06:43.125,1.43536,1.43592,1.00,1.69
2017.05.17 21:06:43.661,1.43537,1.43592,1.00,1.69
2017.05.17 21:06:43.864,1.43534,1.43592,1.00,1.69
2017.05.17 21:06:44.665,1.43535,1.43578,1.00,1.00
2017.05.17 21:06:44.818,1.43508,1.43577,1.00,1.19
2017.05.17 21:06:44.920,1.43511,1.43577,1.00,1.19
2017.05.17 21:06:45.072,1.43509,1.43577,1.00,1.19
2017.05.17 21:06:45.174,1.43511,1.43577,1.00,1.19
2017.05.17 21:06:45.283,1.43508,1.43577,1.50,1.19
2017.05.17 21:06:50.178,1.43508,1.43572,1.00,1.19
2017.05.17 21:06:50.490,1.43524,1.43577,1.00,1.19
2017.05.17 21:06:51.006,1.43526,1.43577,1.00,1.19
2017.05.17 21:06:52.447,1.4353,1.43577,1.00,1.19
2017.05.17 21:06:53.189,1.43534,1.43578,1.00,1.19
2017.05.17 21:06:53.291,1.43531,1.43578,1.00,1.19
2017.05.17 21:06:54.494,1.43534,1.43577,1.00,1.19
2017.05.17 21:06:55.361,1.43531,1.43577,1.00,1.19
2017.05.17 21:06:57.515,1.43531,1.43577,1.00,1.19
2017.05.17 21:06:57.616,1.43527,1.43578,1.00,1.69
2017.05.17 21:06:58.335,1.43514,1.43568,1.00,1.19
2017.05.17 21:07:00.297,1.43515,1.43568,1.00,1.19
2017.05.17 21:07:00.521,1.43527,1.43577,1.00,1.69
2017.05.17 21:07:00.776,1.4353,1.43587,1.00,1.19
2017.05.17 21:07:00.828,1.4353,1.43592,1.00,1.00
2017.05.17 21:07:00.879,1.43532,1.43592,1.00,1.00
2017.05.17 21:07:01.032,1.43531,1.43602,1.00,1.00
2017.05.17 21:07:01.134,1.43538,1.43603,1.00,1.00
2017.05.17 21:07:01.454,1.43545,1.43603,1.00,1.00
2017.05.17 21:07:01.764,1.43577,1.43607,1.75,1.19
2017.05.17 21:07:01.867,1.43585,1.43608,1.00,1.00
2017.05.17 21:07:02.019,1.43587,1.43612,1.00,1.00
2017.05.17 21:07:02.536,1.43587,1.43612,1.00,1.00
2017.05.17 21:07:03.046,1.43587,1.43612,1.75,1.00
2017.05.17 21:07:03.614,1.43587,1.43612,1.75,1.00
2017.05.17 21:07:04.227,1.43587,1.43612,1.75,1.00
2017.05.17 21:07:04.796,1.43587,1.43612,1.75,1.00
2017.05.17 21:07:05.318,1.43587,1.43612,1.75,1.00
2017.05.17 21:07:05.959,1.43587,1.43612,1.75,1.00
2017.05.17 21:07:07.057,1.43587,1.43612,1.75,1.00
2017.05.17 21:07:07.565,1.43587,1.43612,1.75,1.00
2017.05.17 21:07:08.175,1.43587,1.43612,1.75,1.00
2017.05.17 21:07:08.405,1.43598,1.43629,1.00,1.00
2017.05.17 21:07:08.558,1.43597,1.43627,1.00,1.00
2017.05.17 21:07:09.064,1.43596,1.43628,1.00,1.25
2017.05.17 21:07:10.365,1.43596,1.43627,1.00,1.00
2017.05.17 21:07:10.974,1.43596,1.43627,1.00,1.00
2017.05.17 21:07:11.512,1.43596,1.43627,1.00,1.00
2017.05.17 21:07:12.369,1.43596,1.43627,1.00,1.00
2017.05.17 21:07:13.027,1.43597,1.43627,1.00,1.00
2017.05.17 21:07:14.330,1.43597,1.43628,1.00,1.69
2017.05.17 21:07:15.025,1.43597,1.43628,1.00,1.69
2017.05.17 21:07:17.674,1.43598,1.43629,1.00,1.00
2017.05.17 21:07:18.192,1.43597,1.43627,1.00,1.00
2017.05.17 21:07:19.204,1.43597,1.43627,1.00,1.00
2017.05.17 21:07:19.255,1.43598,1.4364,1.00,1.00
2017.05.17 21:07:19.307,1.43598,1.43649,1.00,1.56
2017.05.17 21:07:19.463,1.43598,1.43649,1.00,1.19
2017.05.17 21:07:19.973,1.43597,1.43649,1.00,1.19
2017.05.17 21:07:20.563,1.43598,1.43649,1.00,1.19
2017.05.17 21:07:21.098,1.43597,1.43648,1.00,1.25
2017.05.17 21:07:21.762,1.43598,1.43649,1.00,1.19
2017.05.17 21:07:22.130,1.43598,1.43649,1.00,1.19
2017.05.17 21:07:22.702,1.43598,1.43647,1.00,1.19
2017.05.17 21:07:24.153,1.43597,1.43647,1.00,1.19
2017.05.17 21:07:26.387,1.43598,1.43649,1.00,1.69
2017.05.17 21:07:27.012,1.43597,1.43648,1.00,1.69
2017.05.17 21:07:28.380,1.43598,1.43649,1.00,1.19
2017.05.17 21:07:29.363,1.43597,1.43648,1.00,1.19
2017.05.17 21:07:30.228,1.43598,1.43648,1.00,1.19
2017.05.17 21:07:30.944,1.43597,1.43648,1.00,1.19
2017.05.17 21:07:31.744,1.43598,1.43648,1.00,1.19
2017.05.17 21:07:32.121,1.43597,1.43632,1.00,1.19
2017.05.17 21:07:32.456,1.43598,1.43626,1.00,1.00
2017.05.17 21:07:32.989,1.43597,1.43626,1.00,1.00
2017.05.17 21:07:33.040,1.43597,1.43631,1.00,1.19
2017.05.17 21:07:33.893,1.43598,1.43631,1.00,1.19
2017.05.17 21:07:34.434,1.43597,1.43631,1.00,1.19
2017.05.17 21:07:35.436,1.43598,1.43631,1.00,1.19
2017.05.17 21:07:36.165,1.43597,1.43631,1.00,1.19
2017.05.17 21:07:36.216,1.43598,1.43647,1.00,1.19
2017.05.17 21:07:36.901,1.43597,1.43646,1.00,1.19
2017.05.17 21:07:37.468,1.43597,1.43646,1.00,1.00
2017.05.17 21:07:37.965,1.43597,1.43636,1.00,1.00
2017.05.17 21:07:38.118,1.43597,1.43647,1.00,1.00
2017.05.17 21:07:38.666,1.43598,1.43647,1.00,1.00
2017.05.17 21:07:39.186,1.43598,1.43646,1.00,1.00
2017.05.17 21:07:40.175,1.43597,1.43647,1.00,1.00
2017.05.17 21:07:40.816,1.43598,1.43647,1.00,1.00
2017.05.17 21:07:41.394,1.43598,1.43646,1.00,1.00
2017.05.17 21:07:42.334,1.43597,1.43646,1.00,1.00
2017.05.17 21:07:43.628,1.43598,1.43646,1.00,1.00
2017.05.17 21:07:44.819,1.43597,1.43646,1.00,1.00
2017.05.17 21:07:45.543,1.43598,1.43646,1.00,1.00
2017.05.17 21:07:46.103,1.43597,1.43647,1.00,1.00
2017.05.17 21:07:46.882,1.43598,1.43647,1.00,1.00
2017.05.17 21:07:47.391,1.43597,1.43647,1.00,1.00
2017.05.17 21:07:48.591,1.43598,1.43647,1.00,1.00
2017.05.17 21:07:49.581,1.43597,1.43647,1.00,1.00
2017.05.17 21:07:50.573,1.43598,1.43647,1.00,1.00
2017.05.17 21:07:51.290,1.43598,1.43646,1.00,1.00
2017.05.17 21:07:51.842,1.43598,1.43647,1.00,1.00
2017.05.17 21:07:53.825,1.43598,1.43638,1.00,1.00
2017.05.17 21:07:55.086,1.43597,1.43638,1.00,1.00
2017.05.17 21:07:55.625,1.43598,1.43638,1.00,1.00
2017.05.17 21:07:56.422,1.43598,1.43639,1.00,1.00
2017.05.17 21:07:56.965,1.43597,1.43639,1.00,1.00
2017.05.17 21:07:57.633,1.43598,1.43639,1.00,1.00
2017.05.17 21:07:58.343,1.43597,1.43639,1.00,1.00
2017.05.17 21:07:58.917,1.43597,1.43638,1.00,1.00
2017.05.17 21:07:59.444,1.43597,1.43639,1.00,1.00
2017.05.17 21:07:59.993,1.43598,1.43639,1.00,1.00
2017.05.17 21:08:00.367,1.43597,1.43629,1.00,1.00
2017.05.17 21:08:00.674,1.43594,1.4363,1.00,1.37
2017.05.17 21:08:00.726,1.43597,1.43628,1.00,1.00
2017.05.17 21:08:01.415,1.43596,1.43627,1.00,1.00
2017.05.17 21:08:02.011,1.43598,1.43627,1.00,1.00
2017.05.17 21:08:02.546,1.43597,1.43627,1.00,1.00
2017.05.17 21:08:03.142,1.43598,1.43627,1.00,1.00
2017.05.17 21:08:05.458,1.43597,1.43628,1.00,1.00
2017.05.17 21:08:05.994,1.43589,1.43617,1.75,1.00
2017.05.17 21:08:06.514,1.43592,1.43618,1.75,1.00
2017.05.17 21:08:07.268,1.43593,1.43618,1.00,1.00
2017.05.17 21:08:07.777,1.43594,1.43618,1.00,1.00
2017.05.17 21:08:08.574,1.43593,1.43618,1.00,1.00
2017.05.17 21:08:09.523,1.43594,1.43618,1.00,1.00
2017.05.17 21:08:11.053,1.43594,1.43618,1.00,1.00
2017.05.17 21:08:12.387,1.43593,1.43618,1.00,1.00
2017.05.17 21:08:13.543,1.43592,1.43618,1.00,1.00
2017.05.17 21:08:15.095,1.43592,1.43618,1.00,1.00
2017.05.17 21:08:15.197,1.43594,1.43624,1.00,1.00
2017.05.17 21:08:15.714,1.43594,1.43625,1.00,1.00
2017.05.17 21:08:16.400,1.43594,1.43624,1.00,1.00
2017.05.17 21:08:17.001,1.43589,1.43608,1.75,1.00
2017.05.17 21:08:17.104,1.43588,1.43615,1.75,1.00
2017.05.17 21:08:17.460,1.43595,1.43627,1.00,1.00
2017.05.17 21:08:18.003,1.43595,1.43626,1.00,1.00
2017.05.17 21:08:18.705,1.43596,1.43627,1.00,1.00
2017.05.17 21:08:20.027,1.43597,1.43633,1.00,1.50
2017.05.17 21:08:20.347,1.43597,1.43646,1.00,1.50
2017.05.17 21:08:20.868,1.43597,1.43647,1.00,1.50
2017.05.17 21:08:21.405,1.43598,1.43646,1.00,1.00
2017.05.17 21:08:21.962,1.43597,1.43646,1.00,1.00
2017.05.17 21:08:22.503,1.43598,1.43646,1.00,1.50
2017.05.17 21:08:24.214,1.43597,1.43647,1.00,1.00
2017.05.17 21:08:25.018,1.43597,1.43646,1.00,1.00
2017.05.17 21:08:27.442,1.43598,1.43646,1.00,1.00
2017.05.17 21:08:29.368,1.43598,1.43637,1.00,1.00
2017.05.17 21:08:29.972,1.43597,1.43636,1.00,1.00
2017.05.17 21:08:31.063,1.43598,1.43636,1.00,1.00
2017.05.17 21:08:31.614,1.43598,1.43637,1.00,1.00
2017.05.17 21:08:32.482,1.43597,1.43637,1.00,1.00
2017.05.17 21:08:34.354,1.43598,1.43637,1.00,1.00
2017.05.17 21:08:35.444,1.43597,1.43637,1.00,1.00
2017.05.17 21:08:36.453,1.43598,1.43637,1.00,1.00
2017.05.17 21:08:37.605,1.43597,1.43637,1.00,1.00
2017.05.17 21:08:38.279,1.43597,1.43638,1.00,1.00
2017.05.17 21:08:38.856,1.43598,1.43638,1.00,1.00
2017.05.17 21:08:39.161,1.43597,1.43636,1.00,1.00
2017.05.17 21:08:39.870,1.43598,1.43635,1.00,1.00
2017.05.17 21:08:40.917,1.43597,1.43635,1.00,1.00
2017.05.17 21:08:43.178,1.43598,1.43635,1.00,1.50
2017.05.17 21:08:47.713,1.43597,1.43635,1.00,1.00
2017.05.17 21:08:48.343,1.43598,1.43635,1.00,1.50
2017.05.17 21:08:49.410,1.43597,1.43635,1.00,1.00
2017.05.17 21:08:49.949,1.43598,1.43635,1.00,1.50
2017.05.17 21:08:52.902,1.43597,1.43635,1.00,1.00
2017.05.17 21:08:53.448,1.43598,1.43635,1.00,1.50
2017.05.17 21:08:53.991,1.43597,1.43636,1.00,1.00
2017.05.17 21:08:54.144,1.43597,1.43641,1.00,1.00
2017.05.17 21:08:54.246,1.43598,1.43643,1.00,1.50
2017.05.17 21:08:54.636,1.43598,1.43646,1.00,1.00
2017.05.17 21:08:54.738,1.43597,1.43642,1.00,1.00
2017.05.17 21:08:55.318,1.43598,1.43642,1.00,1.00
2017.05.17 21:08:59.029,1.43597,1.43642,1.00,1.00
2017.05.17 21:08:59.551,1.43598,1.43642,1.00,1.00
2017.05.17 21:09:00.545,1.43597,1.43642,1.00,1.00
2017.05.17 21:09:01.332,1.43598,1.43642,1.00,1.00
2017.05.17 21:09:01.635,1.43598,1.43644,1.00,1.00
2017.05.17 21:09:02.152,1.43597,1.43645,1.00,1.00
2017.05.17 21:09:02.668,1.43598,1.43644,1.00,1.00
2017.05.17 21:09:03.238,1.43597,1.43645,1.00,1.00
2017.05.17 21:09:04.332,1.43598,1.43649,1.00,1.00
2017.05.17 21:09:04.906,1.43597,1.43649,1.00,1.00
2017.05.17 21:09:05.447,1.43598,1.43649,1.00,1.00
2017.05.17 21:09:05.955,1.43597,1.43649,1.00,1.00
2017.05.17 21:09:06.500,1.43598,1.43649,1.00,1.00
2017.05.17 21:09:07.093,1.43597,1.43649,1.00,1.00
2017.05.17 21:09:08.103,1.43598,1.43649,1.00,1.00
2017.05.17 21:09:09.393,1.43597,1.43649,1.00,1.00
2017.05.17 21:09:10.398,1.43598,1.43649,1.00,1.00
2017.05.17 21:09:11.033,1.43597,1.43649,1.00,1.00
2017.05.17 21:09:11.413,1.43597,1.43649,1.00,1.37
2017.05.17 21:09:11.936,1.43598,1.43649,1.00,1.12
2017.05.17 21:09:12.937,1.43597,1.43649,1.00,1.00
2017.05.17 21:09:14.258,1.43597,1.4365,1.00,1.00
2017.05.17 21:09:16.051,1.43598,1.4365,1.00,1.00
2017.05.17 21:09:17.049,1.43597,1.4365,1.00,1.00
2017.05.17 21:09:17.452,1.43597,1.43645,1.00,1.00
2017.05.17 21:09:17.925,1.43598,1.43644,1.00,1.37
2017.05.17 21:09:18.492,1.43597,1.43645,1.00,1.37
2017.05.17 21:09:19.057,1.43598,1.43644,1.00,1.37
2017.05.17 21:09:19.603,1.43598,1.43644,1.00,1.37
2017.05.17 21:09:20.443,1.43598,1.43648,1.00,1.37
2017.05.17 21:09:21.146,1.43597,1.43649,1.00,1.37
2017.05.17 21:09:21.857,1.43598,1.4363,1.00,1.00
2017.05.17 21:09:21.960,1.43597,1.43645,1.00,1.37
2017.05.17 21:09:22.494,1.43598,1.43637,1.00,1.00
2017.05.17 21:09:23.115,1.43597,1.43637,1.00,1.00
2017.05.17 21:09:23.676,1.43597,1.43638,1.00,1.00
2017.05.17 21:09:26.129,1.43598,1.43638,1.00,1.00
2017.05.17 21:09:26.757,1.43597,1.43638,1.00,1.00
2017.05.17 21:09:28.623,1.43598,1.43638,1.00,1.00
2017.05.17 21:09:29.274,1.43597,1.43638,1.00,1.00
2017.05.17 21:09:30.441,1.43598,1.43638,1.00,1.00
2017.05.17 21:09:31.050,1.43597,1.43637,1.00,1.00
2017.05.17 21:09:31.710,1.43598,1.43637,1.00,1.00
2017.05.17 21:09:32.851,1.43597,1.43638,1.00,1.00
2017.05.17 21:09:33.410,1.43597,1.43637,1.00,1.00
2017.05.17 21:09:34.401,1.43597,1.43638,1.00,1.00
2017.05.17 21:09:34.978,1.43597,1.43637,1.00,1.00
2017.05.17 21:09:35.797,1.43597,1.43638,1.00,1.00
2017.05.17 21:09:36.381,1.43598,1.43638,1.00,1.00
2017.05.17 21:09:37.422,1.43598,1.43637,1.00,1.00
2017.05.17 21:09:37.956,1.43597,1.43637,1.00,1.00
2017.05.17 21:09:38.464,1.43598,1.43637,1.00,1.00
2017.05.17 21:09:38.972,1.43597,1.43638,1.00,1.00
2017.05.17 21:09:39.623,1.43597,1.43637,1.00,1.00
2017.05.17 21:09:40.293,1.43598,1.43637,1.00,1.00
2017.05.17 21:09:41.445,1.43597,1.43637,1.00,1.00
2017.05.17 21:09:42.275,1.43598,1.43637,1.00,1.00
2017.05.17 21:09:42.935,1.43597,1.43637,1.00,1.12
2017.05.17 21:09:43.519,1.43598,1.43637,1.00,1.12
2017.05.17 21:09:44.535,1.43598,1.43638,1.00,1.12
2017.05.17 21:09:45.245,1.43597,1.43638,1.00,1.12
2017.05.17 21:09:45.825,1.43597,1.43638,1.00,1.37
2017.05.17 21:09:46.391,1.43597,1.43651,1.69,1.37
2017.05.17 21:09:46.493,1.43601,1.43662,1.62,1.00
2017.05.17 21:09:46.595,1.43602,1.43662,1.37,1.00
2017.05.17 21:09:46.697,1.43602,1.43662,1.37,1.00
2017.05.17 21:09:46.983,1.43602,1.43662,1.37,1.00
2017.05.17 21:09:47.034,1.43601,1.43655,1.31,1.00
2017.05.17 21:09:47.448,1.43602,1.43662,1.00,1.37
2017.05.17 21:09:47.550,1.43601,1.43655,1.31,1.00
2017.05.17 21:09:47.747,1.43602,1.43662,1.00,1.37
2017.05.17 21:09:48.413,1.43602,1.43662,1.00,1.12
2017.05.17 21:09:48.465,1.43601,1.43654,2.06,1.00
2017.05.17 21:09:48.728,1.43602,1.43662,1.12,1.37
2017.05.17 21:09:49.014,1.43602,1.43656,1.87,1.00
2017.05.17 21:09:49.168,1.43602,1.43662,1.00,1.37
2017.05.17 21:09:49.220,1.43602,1.43642,1.87,1.00
2017.05.17 21:09:49.321,1.43598,1.43642,1.37,1.00
2017.05.17 21:09:49.474,1.43597,1.43642,1.00,1.00
2017.05.17 21:09:49.837,1.43598,1.43647,1.00,1.25
2017.05.17 21:09:49.989,1.43597,1.43638,1.00,1.19
2017.05.17 21:09:50.504,1.43598,1.43637,1.00,1.19
2017.05.17 21:09:51.424,1.43597,1.43638,1.00,1.31
2017.05.17 21:09:52.123,1.43598,1.43637,1.00,1.19
2017.05.17 21:09:52.765,1.43597,1.43638,1.00,1.56
2017.05.17 21:09:53.343,1.43598,1.43637,1.00,1.31
2017.05.17 21:09:53.856,1.43597,1.43638,1.00,1.31
2017.05.17 21:09:54.460,1.43598,1.43637,1.00,1.19
2017.05.17 21:09:55.150,1.43597,1.43637,1.00,1.19
2017.05.17 21:09:55.808,1.43598,1.43637,1.00,1.69
2017.05.17 21:09:56.340,1.43597,1.43637,1.00,1.31
2017.05.17 21:09:57.129,1.43598,1.43637,1.00,2.06
2017.05.17 21:09:58.328,1.43597,1.43637,1.00,1.31
2017.05.17 21:09:59.111,1.43598,1.43637,1.00,2.06
2017.05.17 21:09:59.163,1.43598,1.43637,1.00,1.12
2017.05.17 21:09:59.214,1.43597,1.43646,1.00,1.19
2017.05.17 21:09:59.771,1.43598,1.43647,1.00,1.19
2017.05.17 21:10:00.022,1.43598,1.43634,1.00,1.00
2017.05.17 21:10:00.530,1.43597,1.43634,1.00,1.00
2017.05.17 21:10:01.214,1.43598,1.43634,1.00,1.00
2017.05.17 21:10:02.237,1.43597,1.43634,1.00,1.00
2017.05.17 21:10:02.770,1.43598,1.43634,1.00,1.00
2017.05.17 21:10:03.491,1.43598,1.43635,1.00,1.00
2017.05.17 21:10:04.278,1.43598,1.43634,1.00,1.12
2017.05.17 21:10:05.347,1.43597,1.43634,1.00,1.00
2017.05.17 21:10:05.873,1.43598,1.43635,1.00,1.00
2017.05.17 21:10:07.340,1.43598,1.43634,1.00,1.00
2017.05.17 21:10:07.928,1.43597,1.43634,1.00,1.12
2017.05.17 21:10:08.999,1.43598,1.43634,1.00,1.00
2017.05.17 21:10:10.092,1.43597,1.43634,1.00,1.00
2017.05.17 21:10:10.792,1.43597,1.43635,1.00,1.12
2017.05.17 21:10:11.309,1.43598,1.43634,1.00,1.00
2017.05.17 21:10:12.113,1.43598,1.43634,1.00,1.37
2017.05.17 21:10:12.647,1.43598,1.43634,1.00,1.12
2017.05.17 21:10:13.167,1.43598,1.43634,1.00,1.37
2017.05.17 21:10:13.715,1.43598,1.43634,1.00,1.12
2017.05.17 21:10:14.350,1.43597,1.43635,1.00,1.37
2017.05.17 21:10:14.883,1.43597,1.43635,1.00,1.37
2017.05.17 21:10:15.398,1.43598,1.43635,1.00,1.37
2017.05.17 21:10:16.150,1.43598,1.43634,1.00,1.12
2017.05.17 21:10:16.518,1.43597,1.43629,1.00,1.37
2017.05.17 21:10:17.444,1.43597,1.4363,1.00,1.37
2017.05.17 21:10:17.992,1.43598,1.43629,1.00,1.37
2017.05.17 21:10:18.526,1.43597,1.4363,1.00,1.37
2017.05.17 21:10:18.831,1.43597,1.43623,1.00,1.00
2017.05.17 21:10:19.348,1.43596,1.43623,1.00,1.00
2017.05.17 21:10:19.450,1.43598,1.43626,1.00,1.12
2017.05.17 21:10:19.981,1.43598,1.43627,1.00,1.12
2017.05.17 21:10:20.537,1.43597,1.43627,1.00,1.12
2017.05.17 21:10:21.151,1.43598,1.43627,1.00,1.37
2017.05.17 21:10:21.954,1.43598,1.43627,1.00,1.12
2017.05.17 21:10:22.497,1.43597,1.43626,1.00,1.12
2017.05.17 21:10:24.413,1.43598,1.43627,1.00,1.37
2017.05.17 21:10:25.376,1.43597,1.43626,1.00,1.12
2017.05.17 21:10:26.074,1.43598,1.43626,1.00,1.00
2017.05.17 21:10:26.587,1.43597,1.43626,1.00,1.00
2017.05.17 21:10:27.397,1.43598,1.43626,1.00,1.00
2017.05.17 21:10:27.909,1.43597,1.43626,1.00,1.12
2017.05.17 21:10:28.343,1.43598,1.43623,1.00,1.00
2017.05.17 21:10:28.899,1.43596,1.43623,1.00,1.00
2017.05.17 21:10:29.493,1.43597,1.43623,1.00,1.00
2017.05.17 21:10:30.219,1.43596,1.43623,1.00,1.00
2017.05.17 21:10:30.738,1.43596,1.43623,1.00,1.00
2017.05.17 21:10:31.551,1.43597,1.43623,1.00,1.00
2017.05.17 21:10:32.649,1.43598,1.43623,1.00,1.00
2017.05.17 21:10:34.428,1.43597,1.43627,1.00,1.37
2017.05.17 21:10:34.530,1.43596,1.43622,1.00,1.00
2017.05.17 21:10:34.631,1.43597,1.43627,1.00,1.37
2017.05.17 21:10:34.834,1.43595,1.43622,1.00,1.00
2017.05.17 21:10:34.886,1.43596,1.43627,1.00,1.50
2017.05.17 21:10:35.426,1.43596,1.43626,1.00,1.00
2017.05.17 21:10:36.403,1.43596,1.43627,1.00,1.50
2017.05.17 21:10:37.151,1.43596,1.43626,1.00,1.00
2017.05.17 21:10:37.695,1.43596,1.43626,1.00,1.00
2017.05.17 21:10:38.348,1.43597,1.43627,1.00,1.50
2017.05.17 21:10:38.968,1.43595,1.43626,1.00,1.00
2017.05.17 21:10:40.358,1.43596,1.43626,1.00,1.00
2017.05.17 21:10:40.896,1.43598,1.43627,1.00,1.00
2017.05.17 21:10:41.446,1.43598,1.43626,1.00,1.00
2017.05.17 21:10:41.824,1.43598,1.43635,1.00,1.00
2017.05.17 21:10:42.433,1.43597,1.43634,1.00,1.00
2017.05.17 21:10:43.021,1.43597,1.43635,1.00,1.12
2017.05.17 21:10:43.603,1.43597,1.43634,1.00,1.00
2017.05.17 21:10:44.137,1.43598,1.43634,1.00,1.00
2017.05.17 21:10:45.612,1.43597,1.43642,1.00,1.37
2017.05.17 21:10:46.282,1.43598,1.43642,1.00,1.37
2017.05.17 21:10:46.790,1.43597,1.43644,1.00,1.37
2017.05.17 21:10:46.993,1.43597,1.43632,1.00,1.00
2017.05.17 21:10:47.095,1.43597,1.43636,1.00,1.00
2017.05.17 21:10:47.146,1.43598,1.43632,1.00,1.00
2017.05.17 21:10:47.451,1.43598,1.43622,1.00,1.00
2017.05.17 21:10:48.047,1.43598,1.43623,1.00,1.00
2017.05.17 21:10:49.747,1.43597,1.43623,1.00,1.00
2017.05.17 21:10:50.296,1.43598,1.43623,1.00,1.00
2017.05.17 21:10:50.501,1.43597,1.43625,1.00,1.00
2017.05.17 21:10:50.642,1.43597,1.43633,1.00,1.00
2017.05.17 21:10:51.206,1.43598,1.43633,1.00,1.00
2017.05.17 21:10:51.449,1.43598,1.43622,1.00,1.00
2017.05.17 21:10:51.551,1.43598,1.43632,1.00,1.00
2017.05.17 21:10:51.653,1.43597,1.43627,1.00,1.00
2017.05.17 21:10:51.704,1.43598,1.43644,1.00,1.37
2017.05.17 21:10:51.806,1.43597,1.43652,1.37,1.37
2017.05.17 21:10:52.210,1.43598,1.43654,1.37,1.37
2017.05.17 21:10:52.413,1.43598,1.43654,1.37,1.87
2017.05.17 21:10:52.515,1.43598,1.43654,1.00,1.50
2017.05.17 21:10:53.049,1.43597,1.43654,1.00,1.00
2017.05.17 21:10:53.590,1.43597,1.43655,1.00,2.25
2017.05.17 21:10:54.127,1.43597,1.43652,1.00,1.12
2017.05.17 21:10:54.651,1.43598,1.43653,1.00,1.37
2017.05.17 21:10:55.409,1.43597,1.43654,1.00,1.37
2017.05.17 21:10:55.915,1.43598,1.43653,1.00,1.00
2017.05.17 21:10:56.647,1.43597,1.43653,1.00,1.12
2017.05.17 21:10:57.154,1.43597,1.43653,1.00,1.37
2017.05.17 21:10:57.493,1.43597,1.43646,1.00,1.00
2017.05.17 21:10:57.544,1.43598,1.43653,1.00,1.37
2017.05.17 21:10:57.697,1.43597,1.43655,1.00,2.62
2017.05.17 21:10:58.277,1.43597,1.43654,1.00,1.50
2017.05.17 21:10:58.818,1.43598,1.43654,1.00,1.00
2017.05.17 21:10:59.947,1.43597,1.43655,1.00,2.62
2017.05.17 21:11:00.483,1.43598,1.43654,1.00,1.00
2017.05.17 21:11:00.534,1.43598,1.43645,1.00,1.00
2017.05.17 21:11:01.043,1.43597,1.43646,1.00,1.00
2017.05.17 21:11:01.581,1.43598,1.43645,1.00,1.00
2017.05.17 21:11:02.100,1.43597,1.43646,1.00,1.00
2017.05.17 21:11:03.047,1.43598,1.43645,1.00,1.00
2017.05.17 21:11:04.448,1.43598,1.43653,1.00,1.87
2017.05.17 21:11:04.651,1.43597,1.43653,1.00,1.37
2017.05.17 21:11:05.215,1.43598,1.43654,1.00,1.37
2017.05.17 21:11:05.975,1.43597,1.43653,1.00,1.37
2017.05.17 21:11:07.238,1.43598,1.43653,1.00,1.37
2017.05.17 21:11:08.020,1.43598,1.43653,1.00,1.37
2017.05.17 21:11:08.330,1.43598,1.43654,1.00,1.12
2017.05.17 21:11:08.844,1.43597,1.43654,1.00,1.00
2017.05.17 21:11:09.058,1.43597,1.43652,1.00,1.00
2017.05.17 21:11:09.395,1.43598,1.43653,1.00,1.37
2017.05.17 21:11:10.395,1.43598,1.43653,1.00,1.37
2017.05.17 21:11:10.589,1.43598,1.43654,1.00,1.87
2017.05.17 21:11:11.155,1.43598,1.43655,1.00,1.87
2017.05.17 21:11:11.717,1.43597,1.43655,1.00,1.37
2017.05.17 21:11:12.409,1.43597,1.43654,1.00,1.00
2017.05.17 21:11:12.562,1.43598,1.43646,1.00,1.00
2017.05.17 21:11:12.765,1.43598,1.43655,1.00,1.50
2017.05.17 21:11:12.817,1.43598,1.43654,1.00,1.37
2017.05.17 21:11:13.350,1.43598,1.43654,1.00,1.87
2017.05.17 21:11:13.609,1.43597,1.43654,1.00,1.00
2017.05.17 21:11:14.133,1.43598,1.43654,1.00,1.87
2017.05.17 21:11:14.645,1.43597,1.43654,1.00,1.00
2017.05.17 21:11:14.797,1.43597,1.43654,1.12,1.37
2017.05.17 21:11:15.345,1.43597,1.43655,1.00,1.37
2017.05.17 21:11:15.943,1.43597,1.43654,1.00,1.37
2017.05.17 21:11:16.979,1.43598,1.43653,1.00,1.37
2017.05.17 21:11:17.451,1.43598,1.43646,1.00,1.00
2017.05.17 21:11:17.989,1.43597,1.43647,1.00,1.00
2017.05.17 21:11:18.651,1.43598,1.43652,1.00,1.37
2017.05.17 21:11:19.007,1.43598,1.43646,1.00,1.00
2017.05.17 21:11:19.058,1.43598,1.43651,1.00,1.37
2017.05.17 21:11:19.109,1.43598,1.43647,1.00,1.00
2017.05.17 21:11:19.262,1.43598,1.43652,1.00,1.00
2017.05.17 21:11:19.906,1.43598,1.43653,1.00,1.12
2017.05.17 21:11:20.415,1.43597,1.43654,1.00,1.12
2017.05.17 21:11:20.938,1.43597,1.43654,1.00,1.87
2017.05.17 21:11:21.471,1.43597,1.43652,1.00,1.00
2017.05.17 21:11:21.522,1.43598,1.43649,1.00,1.00
2017.05.17 21:11:22.026,1.43597,1.4365,1.00,1.00
2017.05.17 21:11:22.546,1.43597,1.43652,1.00,1.37
2017.05.17 21:11:22.700,1.43598,1.43655,1.00,2.62
2017.05.17 21:11:23.374,1.43598,1.43653,1.00,1.00
2017.05.17 21:11:24.394,1.43597,1.43654,1.00,1.50
2017.05.17 21:11:24.899,1.43598,1.43653,1.00,1.00
2017.05.17 21:11:25.446,1.43597,1.43643,1.00,1.37
2017.05.17 21:11:26.600,1.43598,1.43644,1.00,1.37
2017.05.17 21:11:26.922,1.43612,1.43644,1.00,1.37
2017.05.17 21:11:27.675,1.43611,1.43644,1.87,1.37
2017.05.17 21:11:27.904,1.43611,1.43649,1.87,1.37
2017.05.17 21:11:28.006,1.43615,1.43649,1.12,1.37
2017.05.17 21:11:28.434,1.43612,1.43649,1.12,1.37
2017.05.17 21:11:28.952,1.43612,1.43653,1.12,2.62
2017.05.17 21:11:29.945,1.43612,1.43652,1.12,1.37
2017.05.17 21:11:30.401,1.43614,1.43649,1.12,1.37
2017.05.17 21:11:31.042,1.43615,1.43649,1.12,1.37
2017.05.17 21:11:31.354,1.43615,1.43649,1.12,1.87
2017.05.17 21:11:31.665,1.43617,1.43649,1.00,1.37
2017.05.17 21:11:32.184,1.43616,1.43649,1.00,1.37
2017.05.17 21:11:32.488,1.43614,1.43646,1.12,1.37
2017.05.17 21:11:32.838,1.43622,1.43646,1.00,1.37
2017.05.17 21:11:33.146,1.43621,1.43662,1.00,1.87
2017.05.17 21:11:33.747,1.43622,1.43663,1.00,1.87
2017.05.17 21:11:34.001,1.43619,1.43663,1.12,1.37
2017.05.17 21:11:34.105,1.43607,1.43663,1.00,2.25
2017.05.17 21:11:34.647,1.43606,1.43663,1.00,2.25
2017.05.17 21:11:35.184,1.43607,1.43661,1.00,1.37
2017.05.17 21:11:36.193,1.43607,1.43657,1.12,1.00
2017.05.17 21:11:36.746,1.43606,1.43662,1.00,2.25
2017.05.17 21:11:37.155,1.43605,1.43636,1.12,1.12
2017.05.17 21:11:37.207,1.43602,1.43642,1.00,1.37
2017.05.17 21:11:37.259,1.43607,1.43642,1.00,1.37
2017.05.17 21:11:37.310,1.43607,1.43655,1.00,1.37
2017.05.17 21:11:37.414,1.43601,1.43626,1.12,1.00
2017.05.17 21:11:37.516,1.43597,1.43626,1.00,1.00
2017.05.17 21:11:38.034,1.43598,1.43625,1.00,1.00
2017.05.17 21:11:38.427,1.43597,1.4362,1.00,1.00
2017.05.17 21:11:39.039,1.43598,1.43619,1.00,1.00
2017.05.17 21:11:39.649,1.43597,1.4362,1.00,1.00
2017.05.17 21:11:40.154,1.43598,1.43619,1.00,1.00
2017.05.17 21:11:41.307,1.43597,1.4362,1.00,1.00
2017.05.17 21:11:42.134,1.43597,1.43618,1.00,1.00
2017.05.17 21:11:42.252,1.43598,1.43633,1.00,1.37
2017.05.17 21:11:42.404,1.43598,1.43635,1.00,1.25
2017.05.17 21:11:42.557,1.43598,1.43632,1.00,1.37
2017.05.17 21:11:43.656,1.43597,1.43632,1.00,1.37
2017.05.17 21:11:43.707,1.43597,1.43638,1.00,2.06
2017.05.17 21:11:44.478,1.43598,1.43625,1.00,1.00
2017.05.17 21:11:44.530,1.43598,1.43635,1.00,1.37
2017.05.17 21:11:44.683,1.43597,1.43641,1.00,1.87
2017.05.17 21:11:44.734,1.43597,1.43641,1.00,1.37
2017.05.17 21:11:45.404,1.43598,1.43642,1.00,1.75
2017.05.17 21:11:45.725,1.43598,1.4364,1.00,1.37
2017.05.17 21:11:46.324,1.43597,1.4364,1.00,1.37
2017.05.17 21:11:46.748,1.43598,1.43636,1.00,1.37
2017.05.17 21:11:47.743,1.43598,1.43635,1.00,1.37
2017.05.17 21:11:48.349,1.43597,1.43635,1.00,1.37
2017.05.17 21:11:48.905,1.43597,1.43633,1.00,1.37
2017.05.17 21:11:49.861,1.43597,1.43633,1.00,1.37
2017.05.17 21:11:50.398,1.43598,1.43633,1.00,1.37
2017.05.17 21:11:50.901,1.43598,1.43627,1.00,1.00
2017.05.17 21:11:51.203,1.43598,1.4362,1.00,1.37
2017.05.17 21:11:51.738,1.43597,1.4362,1.00,1.37
2017.05.17 21:11:52.030,1.43598,1.43627,1.00,1.37
2017.05.17 21:11:52.242,1.43598,1.43638,1.00,1.37
2017.05.17 21:11:52.293,1.43598,1.43638,1.00,1.37
2017.05.17 21:11:53.030,1.43597,1.43639,1.00,1.87
2017.05.17 21:11:53.234,1.43597,1.43651,1.00,1.75
2017.05.17 21:11:53.439,1.43598,1.43637,1.00,1.00
2017.05.17 21:11:53.745,1.43598,1.43636,1.00,1.37
2017.05.17 21:11:54.471,1.43597,1.43636,1.00,1.37
2017.05.17 21:11:54.892,1.43598,1.43634,1.00,1.37
2017.05.17 21:11:55.648,1.43598,1.43636,1.00,1.37
2017.05.17 21:11:56.369,1.43597,1.43636,1.00,1.37
2017.05.17 21:11:57.028,1.43598,1.43636,1.00,1.37
2017.05.17 21:11:57.702,1.43598,1.43637,1.00,1.37
2017.05.17 21:11:58.656,1.43598,1.43642,1.00,1.37
2017.05.17 21:11:58.708,1.43598,1.43636,1.00,1.50
2017.05.17 21:11:58.759,1.43597,1.43642,1.00,1.37
2017.05.17 21:11:59.225,1.43598,1.43639,1.00,1.37
2017.05.17 21:11:59.455,1.43597,1.43642,1.00,1.37
2017.05.17 21:11:59.679,1.43597,1.43642,1.00,1.87
2017.05.17 21:12:00.898,1.436,1.43642,1.00,1.87
2017.05.17 21:12:01.053,1.436,1.43642,1.00,1.00
2017.05.17 21:12:01.649,1.43598,1.43642,1.00,1.00
2017.05.17 21:12:01.954,1.436,1.43642,1.00,1.00
2017.05.17 21:12:02.426,1.43607,1.43642,1.00,1.00
2017.05.17 21:12:02.738,1.43613,1.43642,1.00,1.00
2017.05.17 21:12:03.218,1.43611,1.43642,1.00,1.00
2017.05.17 21:12:04.588,1.43612,1.43642,1.00,1.00
2017.05.17 21:12:06.396,1.43611,1.43642,1.00,1.00
2017.05.17 21:12:06.498,1.43613,1.43642,1.00,1.00
2017.05.17 21:12:06.868,1.43612,1.43638,1.00,1.00
2017.05.17 21:12:06.919,1.4361,1.43638,1.00,1.00
2017.05.17 21:12:06.970,1.43616,1.43642,1.00,1.00
2017.05.17 21:12:07.021,1.43617,1.43654,1.00,1.56
2017.05.17 21:12:07.073,1.43612,1.43654,1.00,1.87
2017.05.17 21:12:07.125,1.43615,1.43654,1.00,1.37
2017.05.17 21:12:07.227,1.43616,1.43657,1.00,1.00
2017.05.17 21:12:07.819,1.43615,1.43653,1.00,1.00
2017.05.17 21:12:08.218,1.43619,1.43653,1.00,1.00
2017.05.17 21:12:08.320,1.43607,1.43643,1.00,1.00
2017.05.17 21:12:08.421,1.43605,1.43643,1.00,1.00
2017.05.17 21:12:09.412,1.43608,1.43643,1.00,1.00
2017.05.17 21:12:09.791,1.43608,1.43634,1.00,1.37
2017.05.17 21:12:10.716,1.43608,1.43643,1.00,1.37
2017.05.17 21:12:11.014,1.43604,1.43644,1.00,1.37
2017.05.17 21:12:11.066,1.4361,1.43644,1.00,1.37
2017.05.17 21:12:11.378,1.43613,1.43644,1.00,1.37
2017.05.17 21:12:11.774,1.43613,1.43642,1.00,1.37
2017.05.17 21:12:12.399,1.43614,1.43642,1.00,1.37
2017.05.17 21:12:12.790,1.43614,1.43645,1.00,1.37
2017.05.17 21:12:13.805,1.43614,1.43643,1.00,1.37
2017.05.17 21:12:13.871,1.43611,1.43643,1.00,1.37
2017.05.17 21:12:14.619,1.43613,1.43643,1.00,1.37
2017.05.17 21:12:15.356,1.43613,1.43643,1.00,1.37
2017.05.17 21:12:16.514,1.4361,1.43644,1.00,1.37
2017.05.17 21:12:16.837,1.4361,1.43646,1.00,1.37
2017.05.17 21:12:16.939,1.43613,1.43646,1.00,1.37
2017.05.17 21:12:17.143,1.43601,1.43643,1.00,1.37
2017.05.17 21:12:17.245,1.43615,1.43646,1.00,1.37
2017.05.17 21:12:17.347,1.43619,1.43657,1.00,1.50
2017.05.17 21:12:17.398,1.43625,1.43657,1.00,1.12
2017.05.17 21:12:17.888,1.43624,1.43662,1.00,1.37
2017.05.17 21:12:17.940,1.43626,1.43661,1.00,1.00
2017.05.17 21:12:18.281,1.4362,1.4366,1.00,1.37
2017.05.17 21:12:18.332,1.43617,1.4366,1.00,1.37
2017.05.17 21:12:18.943,1.43617,1.43652,1.00,1.00
2017.05.17 21:12:18.995,1.43606,1.4365,1.37,1.00
2017.05.17 21:12:19.047,1.43605,1.43648,1.00,1.12
2017.05.17 21:12:19.098,1.43602,1.43645,1.00,1.00
2017.05.17 21:12:19.403,1.43597,1.43637,1.00,1.00
2017.05.17 21:12:20.176,1.43598,1.43636,1.00,1.00
2017.05.17 21:12:20.719,1.43598,1.43635,1.00,1.00
2017.05.17 21:12:21.305,1.43597,1.43635,1.00,1.00
2017.05.17 21:12:21.595,1.43597,1.43638,1.00,1.00
2017.05.17 21:12:22.110,1.43598,1.43638,1.00,1.00
2017.05.17 21:12:22.655,1.43597,1.43637,1.00,1.00
2017.05.17 21:12:23.008,1.43597,1.43639,1.50,1.00
2017.05.17 21:12:23.161,1.43598,1.43642,1.00,1.00
2017.05.17 21:12:23.422,1.43597,1.43638,1.00,1.00
2017.05.17 21:12:24.028,1.43597,1.43637,1.00,1.00
2017.05.17 21:12:24.536,1.43598,1.43637,1.00,1.00
2017.05.17 21:12:24.739,1.43598,1.43639,1.00,1.00
2017.05.17 21:12:24.791,1.43598,1.43641,1.50,1.00
2017.05.17 21:12:25.397,1.43598,1.4364,1.00,1.00
2017.05.17 21:12:26.389,1.43597,1.43641,1.00,1.00
2017.05.17 21:12:26.907,1.43598,1.43641,1.00,1.00
2017.05.17 21:12:27.237,1.43598,1.43637,1.00,1.00
2017.05.17 21:12:27.546,1.43597,1.43634,1.00,1.00
2017.05.17 21:12:28.081,1.43598,1.43634,1.00,1.00
2017.05.17 21:12:28.285,1.43597,1.43638,1.00,1.00
2017.05.17 21:12:29.265,1.43598,1.43638,1.00,1.00
2017.05.17 21:12:29.779,1.43597,1.43638,1.00,1.00
2017.05.17 21:12:29.831,1.43598,1.43622,1.00,1.00
2017.05.17 21:12:30.136,1.43598,1.43622,1.00,1.37
2017.05.17 21:12:31.159,1.43597,1.43622,1.00,1.12
2017.05.17 21:12:31.464,1.43598,1.43617,1.00,1.00
2017.05.17 21:12:32.038,1.43597,1.43617,1.00,1.50
2017.05.17 21:12:32.347,1.43597,1.43615,1.00,1.00
2017.05.17 21:12:32.994,1.43598,1.43615,1.00,1.00
2017.05.17 21:12:33.541,1.43597,1.43614,1.00,1.00
2017.05.17 21:12:33.847,1.43598,1.43613,1.00,1.37
2017.05.17 21:12:34.458,1.43597,1.43613,1.00,1.37
2017.05.17 21:12:34.853,1.43597,1.43618,1.00,1.37
2017.05.17 21:12:36.029,1.43597,1.43622,1.00,1.12
2017.05.17 21:12:36.570,1.43598,1.43622,1.00,1.12
2017.05.17 21:12:36.723,1.43598,1.4362,1.00,1.00
2017.05.17 21:12:37.030,1.43597,1.43611,1.00,1.37
2017.05.17 21:12:37.727,1.43598,1.43619,1.00,1.12
2017.05.17 21:12:38.718,1.43597,1.43621,1.00,1.37
2017.05.17 21:12:39.281,1.43598,1.43621,1.00,1.37
2017.05.17 21:12:39.941,1.43598,1.43621,1.00,1.87
2017.05.17 21:12:40.570,1.43597,1.43621,1.00,1.87
2017.05.17 21:12:40.871,1.43567,1.43592,1.00,1.25
2017.05.17 21:12:40.922,1.43558,1.43587,3.37,1.00
2017.05.17 21:12:40.974,1.4356,1.43595,1.00,1.00
2017.05.17 21:12:41.025,1.43567,1.43595,1.00,1.00
2017.05.17 21:12:41.077,1.43567,1.43603,1.00,1.37
2017.05.17 21:12:41.231,1.43568,1.43612,1.00,1.37
2017.05.17 21:12:41.282,1.43576,1.43614,1.00,1.37
2017.05.17 21:12:41.333,1.43577,1.43621,1.00,1.00
2017.05.17 21:12:41.385,1.43575,1.4362,1.00,1.00
2017.05.17 21:12:42.339,1.43576,1.43621,1.00,1.00
2017.05.17 21:12:43.962,1.43576,1.43622,1.00,1.00
2017.05.17 21:12:44.115,1.43577,1.43624,1.00,1.00
2017.05.17 21:12:46.318,1.43579,1.43624,1.00,1.00
2017.05.17 21:12:46.879,1.4358,1.43625,1.00,1.00
2017.05.17 21:12:47.546,1.43561,1.43587,1.00,1.00
2017.05.17 21:12:47.597,1.43558,1.43587,2.62,1.00
2017.05.17 21:12:48.641,1.43557,1.43587,2.62,1.00
2017.05.17 21:12:49.494,1.43558,1.43587,2.62,1.00
2017.05.17 21:12:50.171,1.43557,1.43587,2.62,1.00
2017.05.17 21:12:50.223,1.43557,1.4361,2.62,1.37
2017.05.17 21:12:50.275,1.4356,1.4361,1.00,1.37
2017.05.17 21:12:50.327,1.43566,1.43624,1.00,1.00
2017.05.17 21:12:50.378,1.4357,1.43624,1.00,1.00
2017.05.17 21:12:50.706,1.43573,1.4363,1.00,1.37
2017.05.17 21:12:51.522,1.43573,1.43637,1.00,1.37
2017.05.17 21:12:52.140,1.43574,1.43637,1.00,1.37
2017.05.17 21:12:52.497,1.43574,1.43641,1.00,1.37
2017.05.17 21:12:52.764,1.4357,1.43616,1.00,1.00
2017.05.17 21:12:52.919,1.43577,1.43625,1.00,1.00
2017.05.17 21:12:52.970,1.43574,1.43592,1.00,1.00
2017.05.17 21:12:53.022,1.43558,1.43587,2.62,1.00
2017.05.17 21:12:53.595,1.43557,1.43587,3.37,1.00
2017.05.17 21:12:53.684,1.43557,1.43592,3.37,1.12
2017.05.17 21:12:53.735,1.43559,1.43592,1.00,1.12
2017.05.17 21:12:54.516,1.4356,1.43592,1.00,1.12
2017.05.17 21:12:58.413,1.43559,1.43592,1.00,1.00
2017.05.17 21:12:59.424,1.4356,1.43592,1.00,1.00
2017.05.17 21:13:00.224,1.43559,1.43592,1.00,1.00
2017.05.17 21:13:00.944,1.43559,1.43593,1.00,1.00
2017.05.17 21:13:01.397,1.43562,1.43598,1.00,1.12
2017.05.17 21:13:01.499,1.43568,1.43602,1.00,1.00
2017.05.17 21:13:01.805,1.43561,1.43597,1.00,1.00
2017.05.17 21:13:02.437,1.43562,1.43597,1.00,1.12
2017.05.17 21:13:02.984,1.4356,1.43597,1.00,1.12
2017.05.17 21:13:03.199,1.4356,1.43597,1.00,1.37
2017.05.17 21:13:03.505,1.43562,1.43598,1.00,1.37
2017.05.17 21:13:05.304,1.4356,1.43598,1.00,1.87
2017.05.17 21:13:05.355,1.4356,1.43595,1.00,1.37
2017.05.17 21:13:07.042,1.4356,1.43594,1.00,1.37
2017.05.17 21:13:08.357,1.43561,1.43593,1.00,1.37
2017.05.17 21:13:09.038,1.4356,1.43593,1.00,1.37
2017.05.17 21:13:09.147,1.4356,1.43598,1.00,1.87
2017.05.17 21:13:10.158,1.4356,1.43596,1.00,1.37
2017.05.17 21:13:12.183,1.43561,1.43596,1.00,1.37
2017.05.17 21:13:12.234,1.43559,1.43596,1.00,1.37
2017.05.17 21:13:13.195,1.43559,1.43598,1.00,1.87
2017.05.17 21:13:14.199,1.43559,1.43597,1.00,1.37
2017.05.17 21:13:15.471,1.4356,1.43597,1.00,1.37
2017.05.17 21:13:16.206,1.4356,1.43598,1.00,1.87
2017.05.17 21:13:16.741,1.43561,1.43598,1.00,1.87
2017.05.17 21:13:17.260,1.43561,1.43598,1.00,1.37
2017.05.17 21:13:18.910,1.43562,1.43598,1.00,1.37
2017.05.17 21:13:19.445,1.43562,1.43598,1.00,1.37
2017.05.17 21:13:20.267,1.43562,1.43598,1.00,1.37
2017.05.17 21:13:21.086,1.43563,1.43598,1.00,1.37
2017.05.17 21:13:21.318,1.43565,1.43598,1.00,1.37
2017.05.17 21:13:22.407,1.43564,1.43598,1.00,1.37
2017.05.17 21:13:22.929,1.43564,1.43598,1.00,1.37
2017.05.17 21:13:23.940,1.43565,1.43598,1.00,1.37
2017.05.17 21:13:24.450,1.43566,1.43602,1.00,1.56
2017.05.17 21:13:24.933,1.43567,1.43602,1.00,1.56
2017.05.17 21:13:26.540,1.43565,1.43602,1.00,1.56
2017.05.17 21:13:28.530,1.43564,1.43602,1.00,1.56
2017.05.17 21:13:28.838,1.43568,1.43603,1.00,1.50
2017.05.17 21:13:28.890,1.43565,1.43603,1.00,1.69
2017.05.17 21:13:29.393,1.43563,1.43603,1.00,1.94
2017.05.17 21:13:29.887,1.43563,1.43603,1.00,2.44
2017.05.17 21:13:30.390,1.43565,1.43603,1.00,3.19
2017.05.17 21:13:30.996,1.43564,1.43603,1.00,2.44
2017.05.17 21:13:31.674,1.43565,1.43602,1.00,1.56
2017.05.17 21:13:32.216,1.43564,1.43602,1.00,2.44
2017.05.17 21:13:32.540,1.43562,1.43601,1.00,1.62
2017.05.17 21:13:32.642,1.43556,1.43592,1.00,1.00
2017.05.17 21:13:32.693,1.43556,1.43594,1.50,1.12
2017.05.17 21:13:32.899,1.43564,1.43601,1.00,1.62
2017.05.17 21:13:33.271,1.43564,1.43602,1.00,1.69
2017.05.17 21:13:35.277,1.43564,1.436,1.00,1.37
2017.05.17 21:13:36.320,1.43564,1.436,1.00,1.37
2017.05.17 21:13:36.947,1.43557,1.43595,1.00,1.37
2017.05.17 21:13:37.100,1.43563,1.436,1.00,1.37
2017.05.17 21:13:37.915,1.43563,1.43602,1.00,2.44
2017.05.17 21:13:39.207,1.43563,1.43602,1.00,2.44
2017.05.17 21:13:40.089,1.43564,1.43602,1.00,2.44
2017.05.17 21:13:40.628,1.43563,1.43602,1.00,2.44
2017.05.17 21:13:42.226,1.43563,1.43602,1.00,2.44
2017.05.17 21:13:44.473,1.43563,1.43602,1.00,2.06
2017.05.17 21:13:45.629,1.43563,1.43602,1.00,2.44
2017.05.17 21:13:46.343,1.43564,1.436,1.00,1.37
2017.05.17 21:13:47.189,1.43564,1.436,1.00,1.37
2017.05.17 21:13:49.377,1.43564,1.436,1.00,1.37
2017.05.17 21:13:50.682,1.43563,1.43599,1.00,1.37
2017.05.17 21:13:51.576,1.43564,1.43602,1.00,1.37
2017.05.17 21:13:51.629,1.43566,1.43604,1.00,1.37
2017.05.17 21:13:52.065,1.43565,1.43597,1.00,1.00
2017.05.17 21:13:57.971,1.43568,1.43603,1.00,1.75
2017.05.17 21:13:58.022,1.43573,1.43608,1.00,1.87
2017.05.17 21:13:58.124,1.43573,1.43608,1.00,1.12
2017.05.17 21:13:58.176,1.43575,1.43609,1.00,1.37
2017.05.17 21:13:58.692,1.43574,1.43609,1.00,1.37
2017.05.17 21:13:59.238,1.43574,1.43609,1.00,1.00
2017.05.17 21:13:59.777,1.43574,1.4361,1.00,1.00
2017.05.17 21:14:01.418,1.43574,1.43608,1.00,1.00
2017.05.17 21:14:01.854,1.43574,1.43611,1.00,1.12
2017.05.17 21:14:01.905,1.43576,1.4361,1.00,1.00
2017.05.17 21:14:02.444,1.43575,1.4361,1.00,1.00
2017.05.17 21:14:03.076,1.43575,1.43609,1.00,1.00
2017.05.17 21:14:03.357,1.43573,1.43608,1.00,1.00
2017.05.17 21:14:03.408,1.43573,1.4361,1.00,1.00
2017.05.17 21:14:03.612,1.43573,1.4361,1.00,1.18
2017.05.17 21:14:04.469,1.43573,1.43608,1.00,1.18
2017.05.17 21:14:06.715,1.43573,1.43608,1.00,1.18
2017.05.17 21:14:07.021,1.43574,1.43609,1.00,1.00
2017.05.17 21:14:07.527,1.43575,1.4361,1.00,1.00
2017.05.17 21:14:08.403,1.43575,1.43612,1.00,1.12
2017.05.17 21:14:08.455,1.43575,1.4361,1.00,1.00
2017.05.17 21:14:08.957,1.43566,1.43602,1.00,1.00
2017.05.17 21:14:09.497,1.43566,1.43601,1.00,1.12
2017.05.17 21:14:10.022,1.43566,1.436,1.00,1.00
2017.05.17 21:14:10.556,1.43566,1.436,1.00,1.37
2017.05.17 21:14:11.393,1.43566,1.436,1.00,1.12
2017.05.17 21:14:13.614,1.43572,1.43608,1.00,1.87
2017.05.17 21:14:13.716,1.43575,1.43611,1.00,1.00
2017.05.17 21:14:14.225,1.43574,1.4361,1.00,1.00
2017.05.17 21:14:14.837,1.43573,1.43607,1.00,1.00
2017.05.17 21:14:15.158,1.43575,1.43609,1.00,1.00
2017.05.17 21:14:17.458,1.43574,1.43611,1.00,1.00
2017.05.17 21:14:17.611,1.43575,1.43609,1.00,1.00
2017.05.17 21:14:18.130,1.43574,1.43609,1.00,1.00
2017.05.17 21:14:18.827,1.43574,1.4361,1.00,1.00
2017.05.17 21:14:19.136,1.43576,1.4361,1.00,1.00
2017.05.17 21:14:19.246,1.43573,1.43608,1.00,1.00
2017.05.17 21:14:20.081,1.43574,1.43608,1.00,1.00
2017.05.17 21:14:20.133,1.43575,1.43612,1.00,1.50
2017.05.17 21:14:20.236,1.43575,1.43612,1.00,1.12
2017.05.17 21:14:20.629,1.43574,1.43608,1.00,1.00
2017.05.17 21:14:21.777,1.43574,1.43611,1.00,1.12
2017.05.17 21:14:22.211,1.43576,1.4361,1.00,1.00
2017.05.17 21:14:23.308,1.43567,1.43601,1.00,1.00
2017.05.17 21:14:26.422,1.43573,1.43609,1.00,1.37
2017.05.17 21:14:26.473,1.43575,1.43609,1.00,1.50
2017.05.17 21:14:26.626,1.43577,1.43612,1.00,1.00
2017.05.17 21:14:27.666,1.43577,1.43614,1.00,1.00
2017.05.17 21:14:27.819,1.43576,1.43612,1.00,1.00
2017.05.17 21:14:30.528,1.43577,1.43612,1.00,1.00
2017.05.17 21:14:41.564,1.43578,1.43615,1.00,1.00
2017.05.17 21:14:45.278,1.43577,1.43614,1.00,1.00
2017.05.17 21:14:47.458,1.43578,1.43613,1.00,1.00
2017.05.17 21:14:47.509,1.43578,1.43615,1.00,1.00
2017.05.17 21:14:48.797,1.43577,1.43614,1.00,1.00
2017.05.17 21:14:51.342,1.43579,1.43614,1.00,1.00
2017.05.17 21:14:51.847,1.4358,1.43615,1.00,1.00
2017.05.17 21:14:52.447,1.43577,1.43612,1.00,1.00
2017.05.17 21:14:52.549,1.43575,1.43613,1.00,1.50
2017.05.17 21:14:53.149,1.43576,1.43613,1.00,1.50
2017.05.17 21:14:53.679,1.43575,1.4361,1.00,1.00
2017.05.17 21:14:55.380,1.43573,1.43611,1.00,1.00
2017.05.17 21:14:56.067,1.43575,1.4361,1.19,1.00
2017.05.17 21:14:56.119,1.43577,1.43612,1.00,1.00
2017.05.17 21:14:56.488,1.43577,1.43614,1.00,1.00
2017.05.17 21:14:56.539,1.43582,1.43619,1.00,1.87
2017.05.17 21:14:56.641,1.43582,1.43619,1.00,1.12
2017.05.17 21:14:56.872,1.43584,1.43619,1.00,1.12
2017.05.17 21:14:57.733,1.43583,1.43619,1.00,1.12
2017.05.17 21:14:58.185,1.43585,1.43619,1.00,1.50
2017.05.17 21:15:00.380,1.43584,1.43619,1.00,1.00
2017.05.17 21:15:00.908,1.43585,1.43619,1.00,1.00
2017.05.17 21:15:01.681,1.43584,1.43619,1.00,2.25
2017.05.17 21:15:01.999,1.43586,1.43619,1.00,1.50
2017.05.17 21:15:02.150,1.43583,1.43619,1.00,1.50
2017.05.17 21:15:02.515,1.43586,1.43619,1.00,1.00
2017.05.17 21:15:04.045,1.43585,1.43619,1.00,1.50
2017.05.17 21:15:04.582,1.43586,1.43619,1.00,1.00
2017.05.17 21:15:06.290,1.43585,1.43619,1.00,1.87
2017.05.17 21:15:07.255,1.43585,1.43619,1.00,1.50
2017.05.17 21:15:08.141,1.43613,1.43628,1.56,1.12
2017.05.17 21:15:08.193,1.43621,1.43638,1.00,1.37
2017.05.17 21:15:08.246,1.43621,1.43656,1.00,1.37
2017.05.17 21:15:08.597,1.43621,1.43658,1.00,1.12
2017.05.17 21:15:09.136,1.43612,1.43649,1.00,1.00
2017.05.17 21:15:09.396,1.43609,1.43647,1.00,1.00
2017.05.17 21:15:10.165,1.4361,1.43645,1.00,1.00
2017.05.17 21:15:12.577,1.43611,1.43646,1.00,1.00
2017.05.17 21:15:13.566,1.43612,1.43648,1.00,1.00
2017.05.17 21:15:14.102,1.43611,1.43647,1.00,1.00
2017.05.17 21:15:14.682,1.43604,1.4364,1.00,1.00
2017.05.17 21:15:15.208,1.43605,1.43641,1.00,1.00
2017.05.17 21:15:16.071,1.43605,1.43642,1.00,1.00
2017.05.17 21:15:16.377,1.43608,1.43647,1.00,1.00
2017.05.17 21:15:16.799,1.43608,1.43644,1.00,1.00
2017.05.17 21:15:16.850,1.43604,1.43642,1.00,1.00
2017.05.17 21:15:16.973,1.43606,1.43642,1.00,1.00
2017.05.17 21:15:17.024,1.4361,1.43647,1.00,1.00
2017.05.17 21:15:17.385,1.43608,1.43645,1.00,1.00
2017.05.17 21:15:17.436,1.43602,1.43641,1.00,1.00
2017.05.17 21:15:17.488,1.43604,1.4364,1.00,1.00
2017.05.17 21:15:18.002,1.43609,1.43646,1.00,1.00
2017.05.17 21:15:18.429,1.43605,1.43641,1.00,1.00
2017.05.17 21:15:18.838,1.43602,1.43641,1.00,1.00
2017.05.17 21:15:29.807,1.43606,1.43643,1.00,1.00
2017.05.17 21:15:30.113,1.43605,1.43639,1.00,1.00
2017.05.17 21:15:30.215,1.43604,1.43642,1.00,1.50
2017.05.17 21:15:30.719,1.43604,1.43639,1.00,1.00
2017.05.17 21:15:30.989,1.43604,1.43643,1.00,1.87
2017.05.17 21:15:31.244,1.43604,1.43639,1.00,1.00
2017.05.17 21:15:31.499,1.43604,1.43642,1.00,1.00
2017.05.17 21:15:31.550,1.43608,1.43642,1.00,1.00
2017.05.17 21:15:32.074,1.43608,1.43643,1.00,1.00
2017.05.17 21:15:32.834,1.4361,1.43643,1.00,1.00
2017.05.17 21:15:35.146,1.4361,1.43644,1.00,1.00
2017.05.17 21:15:35.475,1.43618,1.43647,1.00,1.00
2017.05.17 21:15:37.485,1.43617,1.43647,1.00,1.00
2017.05.17 21:15:37.536,1.43617,1.43649,1.00,1.00
2017.05.17 21:15:40.274,1.43617,1.4365,1.00,1.00
2017.05.17 21:15:41.516,1.4362,1.4365,1.00,1.00
2017.05.17 21:15:42.072,1.43621,1.4365,1.00,1.00
2017.05.17 21:15:42.619,1.43622,1.4365,1.00,1.00
2017.05.17 21:15:43.126,1.43622,1.43658,1.00,1.12
2017.05.17 21:15:50.274,1.43621,1.43659,1.00,1.50
2017.05.17 21:15:50.895,1.43622,1.43658,1.00,1.12
2017.05.17 21:15:51.773,1.4362,1.43658,1.00,1.12
2017.05.17 21:15:51.871,1.43622,1.43658,1.00,1.12
2017.05.17 21:15:52.677,1.43621,1.43658,1.00,1.87
2017.05.17 21:15:53.274,1.43624,1.43658,1.00,1.12
2017.05.17 21:15:57.695,1.43623,1.43659,1.00,1.50
2017.05.17 21:15:58.254,1.43622,1.43658,1.00,1.12
2017.05.17 21:15:59.173,1.43623,1.43659,1.00,1.50
2017.05.17 21:16:02.185,1.4362,1.43658,1.19,1.12
2017.05.17 21:16:03.206,1.43617,1.43655,1.19,1.00
2017.05.17 21:16:03.491,1.43619,1.43658,1.19,1.12
2017.05.17 21:16:04.655,1.43623,1.43658,1.00,1.12
2017.05.17 21:16:05.398,1.43622,1.43658,1.00,1.12
2017.05.17 21:16:07.012,1.43624,1.43659,1.00,1.69
2017.05.17 21:16:08.117,1.43622,1.43659,1.19,1.50
2017.05.17 21:16:08.974,1.4362,1.43658,1.19,1.12
2017.05.17 21:16:09.383,1.43624,1.4366,1.19,1.12
2017.05.17 21:16:09.435,1.43626,1.43664,1.19,1.00
2017.05.17 21:16:09.486,1.43626,1.43666,1.19,1.00
2017.05.17 21:16:09.538,1.43624,1.43664,1.56,1.00
2017.05.17 21:16:09.641,1.43626,1.43666,1.19,1.00
2017.05.17 21:16:10.406,1.43628,1.43667,1.19,1.00
2017.05.17 21:16:10.800,1.43633,1.43668,1.00,1.00
2017.05.17 21:16:10.903,1.4363,1.43668,1.19,1.00
2017.05.17 21:16:11.406,1.43632,1.43669,1.00,1.00
2017.05.17 21:16:11.987,1.43633,1.43669,1.00,1.00
2017.05.17 21:16:15.165,1.43633,1.43669,1.19,1.00
2017.05.17 21:16:15.707,1.43633,1.4367,1.19,1.87
2017.05.17 21:16:18.370,1.43634,1.4367,1.19,1.87
2017.05.17 21:16:18.869,1.43635,1.4367,1.19,1.12
2017.05.17 21:16:19.022,1.43644,1.4368,1.00,1.00
2017.05.17 21:16:19.545,1.43643,1.4368,1.00,1.37
2017.05.17 21:16:19.647,1.43632,1.43662,1.19,1.00
2017.05.17 21:16:20.331,1.43634,1.43662,1.00,1.00
2017.05.17 21:16:20.589,1.43633,1.43666,1.00,1.00
2017.05.17 21:16:20.640,1.43633,1.43672,1.56,1.37
2017.05.17 21:16:20.845,1.43633,1.43674,1.56,1.00
2017.05.17 21:16:20.896,1.43631,1.43672,1.56,1.00
2017.05.17 21:16:23.097,1.43631,1.4367,1.56,1.00
2017.05.17 21:16:24.885,1.43631,1.43671,1.56,1.00
2017.05.17 21:16:28.400,1.43631,1.43672,1.56,1.00
2017.05.17 21:16:29.473,1.43634,1.43673,1.31,1.00
2017.05.17 21:16:29.835,1.43634,1.43671,1.31,1.87
2017.05.17 21:16:30.718,1.43632,1.43672,1.56,1.87
2017.05.17 21:16:31.023,1.43633,1.43673,1.56,1.00
2017.05.17 21:16:31.402,1.43634,1.43675,1.31,1.00
2017.05.17 21:16:32.001,1.43634,1.43674,1.56,1.00
2017.05.17 21:16:33.337,1.43635,1.43674,1.19,1.00
2017.05.17 21:16:34.394,1.43634,1.43676,1.19,1.00
2017.05.17 21:16:35.340,1.43633,1.43675,1.31,1.00
2017.05.17 21:16:36.474,1.43634,1.43676,1.19,1.00
2017.05.17 21:16:39.016,1.43635,1.43675,1.19,1.00
2017.05.17 21:16:40.529,1.43634,1.43674,1.19,1.00
2017.05.17 21:16:43.056,1.43631,1.43673,1.56,1.00
2017.05.17 21:16:43.557,1.43631,1.43671,1.56,1.00
2017.05.17 21:16:43.940,1.43631,1.43674,1.56,1.00
2017.05.17 21:16:44.339,1.43631,1.43674,1.56,1.00
2017.05.17 21:16:44.982,1.43633,1.43673,1.56,1.00
2017.05.17 21:16:46.062,1.43643,1.43681,1.19,1.00
2017.05.17 21:16:48.196,1.43651,1.43681,1.00,1.00
2017.05.17 21:16:49.214,1.43651,1.43682,1.00,1.00
2017.05.17 21:16:52.353,1.43654,1.43683,1.19,1.00
2017.05.17 21:16:52.659,1.43655,1.43695,1.56,1.00
2017.05.17 21:16:52.710,1.43661,1.43699,1.56,1.00
2017.05.17 21:16:52.762,1.43667,1.43708,1.56,1.00
2017.05.17 21:16:52.984,1.4367,1.43713,1.56,1.50
2017.05.17 21:16:53.602,1.43669,1.43712,1.56,1.00
2017.05.17 21:16:53.704,1.43669,1.43712,1.00,1.00
2017.05.17 21:16:53.795,1.43669,1.4371,1.00,1.00
2017.05.17 21:16:56.098,1.43667,1.43708,1.00,1.00
2017.05.17 21:16:56.656,1.43666,1.43707,1.37,1.00
2017.05.17 21:16:57.212,1.43667,1.43708,1.12,1.00
2017.05.17 21:16:57.445,1.43664,1.43707,1.12,1.00
2017.05.17 21:16:57.597,1.43664,1.43707,1.37,1.00
2017.05.17 21:16:58.137,1.43665,1.43706,1.00,1.00
2017.05.17 21:16:58.628,1.43665,1.43706,1.37,1.00
2017.05.17 21:16:58.731,1.43665,1.43706,1.12,1.00
2017.05.17 21:16:58.940,1.43665,1.43706,1.37,1.00
2017.05.17 21:16:59.043,1.43664,1.43705,1.00,1.00
2017.05.17 21:17:00.227,1.43662,1.43703,1.00,1.00
2017.05.17 21:17:01.434,1.4366,1.43701,1.00,1.00
2017.05.17 21:17:02.184,1.43658,1.43701,1.00,1.00
2017.05.17 21:17:02.713,1.43659,1.437,1.00,1.00
2017.05.17 21:17:03.312,1.43659,1.43702,1.00,1.00
2017.05.17 21:17:03.921,1.4366,1.43703,1.00,1.00
2017.05.17 21:17:06.685,1.43659,1.43702,1.00,1.00
2017.05.17 21:17:07.219,1.4366,1.43702,1.00,1.00
2017.05.17 21:17:07.603,1.43651,1.43693,1.37,1.87
2017.05.17 21:17:08.629,1.43651,1.43694,1.00,1.87
2017.05.17 21:17:09.203,1.43652,1.43693,1.00,1.12
2017.05.17 21:17:10.460,1.43653,1.43693,1.00,1.12
2017.05.17 21:17:11.183,1.43653,1.43694,1.00,2.62
2017.05.17 21:17:11.697,1.43652,1.43694,1.00,1.87
2017.05.17 21:17:14.343,1.43652,1.43693,1.00,1.12
2017.05.17 21:17:14.446,1.4365,1.43692,1.00,1.00
2017.05.17 21:17:14.497,1.43648,1.43691,1.00,1.00
2017.05.17 21:17:14.548,1.43644,1.43687,1.00,1.00
2017.05.17 21:17:14.693,1.43645,1.43689,1.00,1.00
2017.05.17 21:17:15.456,1.43646,1.43689,1.00,1.00
2017.05.17 21:17:15.969,1.43647,1.43689,1.00,1.00
2017.05.17 21:17:17.437,1.43648,1.43689,1.00,1.00
2017.05.17 21:17:17.968,1.43649,1.4369,1.00,1.00
2017.05.17 21:17:18.575,1.43649,1.43691,1.00,1.00
2017.05.17 21:17:19.802,1.4365,1.43692,1.00,1.00
2017.05.17 21:17:20.471,1.43651,1.43692,1.00,1.00
2017.05.17 21:17:20.731,1.43649,1.43693,1.00,1.87
2017.05.17 21:17:21.271,1.43649,1.43692,1.00,1.00
2017.05.17 21:17:21.780,1.4365,1.43692,1.00,1.00
2017.05.17 21:17:23.198,1.43648,1.4369,1.00,1.00
2017.05.17 21:17:23.744,1.43647,1.43689,1.00,1.00
2017.05.17 21:17:24.215,1.43648,1.43692,1.00,1.00
2017.05.17 21:17:24.266,1.43648,1.4369,1.00,1.00
2017.05.17 21:17:24.672,1.43648,1.43692,1.00,1.00
2017.05.17 21:17:25.689,1.43648,1.43691,1.00,1.00
2017.05.17 21:17:26.815,1.43649,1.43691,1.00,1.00
2017.05.17 21:17:27.129,1.43647,1.43692,1.12,1.00
2017.05.17 21:17:27.525,1.43649,1.43691,1.00,1.00
2017.05.17 21:17:31.681,1.4365,1.43693,1.00,1.87
2017.05.17 21:17:32.233,1.43649,1.43693,1.00,1.87
2017.05.17 21:17:35.475,1.43649,1.43692,1.00,1.00
2017.05.17 21:17:36.042,1.43649,1.43693,1.00,1.87
2017.05.17 21:17:37.389,1.4365,1.43692,1.00,1.00
2017.05.17 21:17:37.694,1.43651,1.43694,1.00,1.50
2017.05.17 21:17:38.242,1.43651,1.43693,1.00,1.00
2017.05.17 21:17:38.776,1.43652,1.43694,1.00,1.50
2017.05.17 21:17:39.098,1.43648,1.43692,1.00,1.00
2017.05.17 21:17:39.427,1.4365,1.43692,1.00,1.00
2017.05.17 21:17:39.935,1.43648,1.43693,1.00,1.00
2017.05.17 21:17:40.487,1.43649,1.43693,1.00,1.00
2017.05.17 21:17:41.024,1.43648,1.43693,1.00,1.00
2017.05.17 21:17:43.514,1.4365,1.43693,1.00,1.00
2017.05.17 21:17:44.420,1.43648,1.4369,1.00,1.00
2017.05.17 21:17:44.522,1.43646,1.43691,1.00,1.00
2017.05.17 21:17:53.324,1.43648,1.43691,1.00,1.00
2017.05.17 21:17:53.884,1.43649,1.43692,1.00,1.00
2017.05.17 21:17:58.779,1.43651,1.43694,1.00,1.50
2017.05.17 21:18:01.130,1.43652,1.43694,1.00,1.00
2017.05.17 21:18:01.388,1.43649,1.43694,1.00,1.50
2017.05.17 21:18:01.537,1.43651,1.43694,1.00,1.00
2017.05.17 21:18:02.616,1.43652,1.43694,1.00,1.00
2017.05.17 21:18:02.668,1.4365,1.43694,1.00,1.00
2017.05.17 21:18:03.202,1.43649,1.43694,1.00,1.00
2017.05.17 21:18:03.528,1.43649,1.43692,1.00,1.00
2017.05.17 21:18:04.414,1.43651,1.43694,1.00,1.00
2017.05.17 21:18:04.989,1.43652,1.43695,1.00,1.00
2017.05.17 21:18:05.514,1.43653,1.43695,1.00,1.00
2017.05.17 21:18:06.030,1.43651,1.43694,1.00,1.00
2017.05.17 21:18:06.393,1.43655,1.43694,1.00,1.00
2017.05.17 21:18:06.546,1.43653,1.43695,1.00,1.00
2017.05.17 21:18:07.148,1.43652,1.43695,1.00,1.50
2017.05.17 21:18:07.353,1.4365,1.43694,1.00,1.00
2017.05.17 21:18:07.405,1.43653,1.43694,1.00,1.00
2017.05.17 21:18:07.929,1.43652,1.43694,1.00,1.00
2017.05.17 21:18:08.436,1.43653,1.43694,1.00,1.00
2017.05.17 21:18:08.981,1.43653,1.43695,1.00,1.00
2017.05.17 21:18:09.524,1.43652,1.43695,1.00,1.00
2017.05.17 21:18:10.034,1.43653,1.43695,1.00,1.00
2017.05.17 21:18:10.569,1.43652,1.43695,1.00,1.00
2017.05.17 21:18:11.085,1.43653,1.43694,1.00,1.00
2017.05.17 21:18:11.881,1.43652,1.43694,1.00,1.00
2017.05.17 21:18:12.429,1.43653,1.43694,1.00,1.00
2017.05.17 21:18:12.948,1.43652,1.43694,1.00,1.00
2017.05.17 21:18:13.676,1.43653,1.43694,1.00,1.00
2017.05.17 21:18:13.822,1.43651,1.43695,1.00,1.00
2017.05.17 21:18:14.094,1.43654,1.43694,1.00,1.00
2017.05.17 21:18:14.291,1.43651,1.43694,1.00,1.00
2017.05.17 21:18:14.841,1.43652,1.43694,1.00,1.00
2017.05.17 21:18:15.106,1.4365,1.43695,1.00,1.50
2017.05.17 21:18:15.259,1.43648,1.43694,1.00,1.50
2017.05.17 21:18:15.499,1.4365,1.43693,1.00,1.00
2017.05.17 21:18:15.942,1.43648,1.43694,1.00,1.50
2017.05.17 21:18:16.091,1.4365,1.43693,1.00,1.00
2017.05.17 21:18:16.194,1.43648,1.43693,1.00,1.00
2017.05.17 21:18:16.694,1.4365,1.43693,1.00,1.00
2017.05.17 21:18:16.954,1.43648,1.43693,1.00,1.00
2017.05.17 21:18:17.483,1.43649,1.43692,1.00,1.00
2017.05.17 21:18:17.733,1.43649,1.43694,1.00,1.50
2017.05.17 21:18:17.973,1.43649,1.43692,1.00,1.00
2017.05.17 21:18:18.532,1.43649,1.43693,1.00,1.00
2017.05.17 21:18:19.148,1.4365,1.43693,1.00,1.00
2017.05.17 21:18:20.601,1.43651,1.43694,1.00,1.00
2017.05.17 21:18:21.375,1.43649,1.43694,1.00,1.50
2017.05.17 21:18:21.630,1.43651,1.43695,1.00,1.50
2017.05.17 21:18:22.175,1.4365,1.43694,1.00,1.00
2017.05.17 21:18:22.725,1.43651,1.43694,1.00,1.00
2017.05.17 21:18:23.231,1.43651,1.43695,1.00,1.50
2017.05.17 21:18:23.778,1.43651,1.43694,1.00,1.50
2017.05.17 21:18:24.325,1.4365,1.43694,1.00,1.00
2017.05.17 21:18:24.856,1.43649,1.43694,1.00,1.00
2017.05.17 21:18:25.175,1.43651,1.43695,1.00,1.50
2017.05.17 21:18:25.797,1.43651,1.43694,1.00,1.00
2017.05.17 21:18:26.343,1.43649,1.43693,1.00,1.00
2017.05.17 21:18:26.609,1.43651,1.43695,1.00,1.00
2017.05.17 21:18:27.081,1.4365,1.43693,1.00,1.00
2017.05.17 21:18:27.610,1.43651,1.43694,1.00,1.00
2017.05.17 21:18:27.661,1.43649,1.43694,1.00,1.00
2017.05.17 21:18:28.178,1.4365,1.43693,1.00,1.00
2017.05.17 21:18:28.358,1.43648,1.43693,1.00,1.00
2017.05.17 21:18:28.859,1.4365,1.43694,1.00,1.50
2017.05.17 21:18:28.970,1.43648,1.43693,1.00,1.00
2017.05.17 21:18:30.103,1.4365,1.43695,1.00,1.50
2017.05.17 21:18:30.711,1.4365,1.43694,1.00,1.00
2017.05.17 21:18:31.456,1.4365,1.43695,1.00,1.50
2017.05.17 21:18:31.875,1.43648,1.43693,1.00,1.00
2017.05.17 21:18:32.181,1.4365,1.43694,1.00,1.00
2017.05.17 21:18:32.306,1.43656,1.43702,1.00,1.00
2017.05.17 21:18:32.926,1.43658,1.43703,1.00,1.00
2017.05.17 21:18:33.318,1.43658,1.43704,1.00,1.56
2017.05.17 21:18:33.370,1.43658,1.43704,1.00,1.56
2017.05.17 21:18:34.366,1.43658,1.43704,1.00,1.56
2017.05.17 21:18:35.001,1.43659,1.43702,1.00,1.56
2017.05.17 21:18:35.053,1.43659,1.43702,1.00,1.31
2017.05.17 21:18:36.425,1.4366,1.43704,1.00,1.56
2017.05.17 21:18:39.379,1.43659,1.43703,1.00,1.56
2017.05.17 21:18:39.686,1.43655,1.43701,1.00,1.19
2017.05.17 21:18:40.317,1.43654,1.43698,1.00,1.25
2017.05.17 21:18:42.349,1.43654,1.43698,1.00,1.19
2017.05.17 21:18:42.401,1.43655,1.43699,1.00,1.00
2017.05.17 21:18:43.394,1.43654,1.437,1.00,1.19
2017.05.17 21:18:46.404,1.43654,1.43698,1.00,1.00
2017.05.17 21:18:46.919,1.43655,1.43699,1.00,1.25
2017.05.17 21:18:47.414,1.43654,1.43698,1.00,1.19
2017.05.17 21:18:49.094,1.43654,1.43698,1.00,1.00
2017.05.17 21:18:50.339,1.43654,1.43698,1.00,1.19
2017.05.17 21:18:55.038,1.43651,1.43698,1.37,1.19
2017.05.17 21:18:56.336,1.43651,1.43698,1.37,1.19
2017.05.17 21:18:56.438,1.43651,1.43698,1.37,1.00
2017.05.17 21:19:03.370,1.43652,1.43698,1.12,1.19
2017.05.17 21:19:05.431,1.43651,1.43699,1.12,1.19
2017.05.17 21:19:08.017,1.43651,1.43699,1.12,1.00
2017.05.17 21:19:08.069,1.43652,1.43697,1.12,1.00
2017.05.17 21:19:08.492,1.43651,1.43699,1.37,1.00
2017.05.17 21:19:09.337,1.43651,1.43699,1.37,1.19
2017.05.17 21:19:10.474,1.43651,1.43699,1.00,1.19
2017.05.17 21:19:10.635,1.43654,1.43699,1.00,1.19
2017.05.17 21:19:15.020,1.43652,1.437,1.00,1.19
2017.05.17 21:19:16.011,1.43652,1.437,1.00,1.31
2017.05.17 21:19:16.620,1.43653,1.43701,1.00,1.56
2017.05.17 21:19:17.074,1.43655,1.43701,1.00,1.56
2017.05.17 21:19:17.342,1.43655,1.43701,1.00,1.19
2017.05.17 21:19:18.343,1.43653,1.43701,1.00,1.19
2017.05.17 21:19:18.395,1.43655,1.43701,1.00,1.19
2017.05.17 21:19:23.408,1.43656,1.43702,1.00,1.31
2017.05.17 21:19:25.634,1.43654,1.43703,1.00,1.56
2017.05.17 21:19:27.384,1.43655,1.43703,1.00,1.56
2017.05.17 21:19:27.435,1.43659,1.43705,1.00,1.56
2017.05.17 21:19:29.338,1.43659,1.43705,1.00,3.00
2017.05.17 21:19:31.065,1.43657,1.43704,1.12,1.56
2017.05.17 21:19:31.117,1.43657,1.43704,1.12,1.56
2017.05.17 21:19:32.082,1.43658,1.43705,1.00,1.56
2017.05.17 21:19:32.475,1.43656,1.43706,1.00,1.56
2017.05.17 21:19:32.526,1.43658,1.43705,1.00,1.56
2017.05.17 21:19:33.390,1.43658,1.43707,1.37,1.56
2017.05.17 21:19:34.594,1.43661,1.43709,1.37,2.44
2017.05.17 21:19:35.037,1.43658,1.43707,1.37,3.75
2017.05.17 21:19:36.440,1.43658,1.43705,1.37,1.56
2017.05.17 21:19:37.032,1.43668,1.43709,1.00,1.37
2017.05.17 21:19:37.135,1.43668,1.43709,1.87,1.87
2017.05.17 21:19:38.877,1.43668,1.43709,1.37,1.37
2017.05.17 21:19:39.081,1.43668,1.43709,1.12,1.37
2017.05.17 21:19:39.881,1.43665,1.43712,1.37,1.00
2017.05.17 21:19:40.573,1.43666,1.43713,1.37,1.00
2017.05.17 21:19:44.609,1.43666,1.43713,1.37,1.00
2017.05.17 21:19:45.392,1.43667,1.43716,1.37,1.00
2017.05.17 21:19:45.928,1.43666,1.43715,1.37,1.00
2017.05.17 21:19:47.365,1.43666,1.43715,1.37,1.00
2017.05.17 21:19:58.482,1.43667,1.43717,1.37,1.19
2017.05.17 21:20:03.815,1.43667,1.43715,1.37,1.00
2017.05.17 21:20:04.151,1.43674,1.43717,1.87,1.00
2017.05.17 21:20:04.203,1.43684,1.43733,1.37,1.00
2017.05.17 21:20:04.305,1.43686,1.43736,1.37,1.00
2017.05.17 21:20:04.408,1.43687,1.43737,1.37,1.12
2017.05.17 21:20:04.893,1.43691,1.43741,1.37,1.62
2017.05.17 21:20:05.412,1.43691,1.43741,1.37,1.25
2017.05.17 21:20:10.143,1.43692,1.43741,1.37,1.25
2017.05.17 21:20:10.674,1.43692,1.43741,1.37,1.25
2017.05.17 21:20:11.390,1.43692,1.43742,1.37,1.25
2017.05.17 21:20:11.773,1.43692,1.43742,1.37,1.25
2017.05.17 21:20:12.099,1.43692,1.43741,1.37,1.00
2017.05.17 21:20:12.634,1.43693,1.43745,1.37,1.19
2017.05.17 21:20:14.051,1.43691,1.43741,1.37,1.00
2017.05.17 21:20:14.103,1.43691,1.43741,1.37,1.00
2017.05.17 21:20:14.564,1.43691,1.4374,1.37,1.00
2017.05.17 21:20:15.173,1.43691,1.43741,1.37,1.00
2017.05.17 21:20:15.225,1.43691,1.43741,1.94,1.00
2017.05.17 21:20:15.728,1.4369,1.43742,1.94,1.00
2017.05.17 21:20:19.344,1.4369,1.43742,1.94,1.00
2017.05.17 21:20:20.463,1.43694,1.43746,1.50,1.00
2017.05.17 21:20:20.516,1.43693,1.43745,1.56,1.00
2017.05.17 21:20:20.946,1.43693,1.43743,1.56,1.00
2017.05.17 21:20:21.495,1.43692,1.43744,1.56,1.00
2017.05.17 21:20:21.884,1.43692,1.43742,1.56,1.00
2017.05.17 21:20:22.396,1.43692,1.43744,1.56,1.00
2017.05.17 21:20:22.528,1.43694,1.43746,1.56,1.00
2017.05.17 21:20:22.630,1.43694,1.43744,1.56,1.00
2017.05.17 21:20:25.173,1.437,1.43748,1.94,1.00
2017.05.17 21:20:25.847,1.437,1.43749,1.94,1.12
2017.05.17 21:20:26.069,1.437,1.43749,1.56,1.12
2017.05.17 21:20:28.522,1.43696,1.43746,1.00,1.00
2017.05.17 21:20:28.575,1.43694,1.43746,1.12,1.00
2017.05.17 21:20:28.729,1.43694,1.43744,1.00,1.00
2017.05.17 21:20:29.149,1.43688,1.43739,1.37,1.00
2017.05.17 21:20:29.322,1.43688,1.43741,1.37,1.00
2017.05.17 21:20:40.459,1.43686,1.43737,1.37,1.00
2017.05.17 21:20:40.631,1.43687,1.4374,1.37,1.00
2017.05.17 21:20:41.393,1.43688,1.43742,1.37,1.00
2017.05.17 21:20:46.375,1.43689,1.4374,1.37,1.00
2017.05.17 21:20:47.376,1.43687,1.43741,1.37,1.00
2017.05.17 21:20:48.185,1.43688,1.43742,1.37,1.00
2017.05.17 21:20:48.760,1.4369,1.43741,1.37,1.00
2017.05.17 21:20:54.354,1.4369,1.43744,1.37,1.00
2017.05.17 21:20:54.406,1.43694,1.43746,1.00,1.00
2017.05.17 21:20:55.407,1.43695,1.43747,1.37,1.12
2017.05.17 21:20:56.353,1.43695,1.43747,1.12,1.12
2017.05.17 21:20:56.404,1.43695,1.43747,1.37,1.12
2017.05.17 21:20:56.946,1.43694,1.43746,1.37,1.00
2017.05.17 21:20:57.172,1.43694,1.43746,1.37,1.00
2017.05.17 21:20:57.698,1.43692,1.43746,1.75,1.00
2017.05.17 21:20:58.455,1.43694,1.43746,1.00,1.00
2017.05.17 21:20:59.147,1.43693,1.43748,1.37,1.31
2017.05.17 21:20:59.448,1.4369,1.43744,1.12,1.00
2017.05.17 21:20:59.499,1.43691,1.43744,1.37,1.00
2017.05.17 21:21:00.092,1.43691,1.43745,1.00,1.00
2017.05.17 21:21:00.428,1.43693,1.43745,1.37,1.00
2017.05.17 21:21:00.530,1.43692,1.43744,1.12,1.00
2017.05.17 21:21:01.301,1.43692,1.43744,1.37,1.00
2017.05.17 21:21:01.352,1.43693,1.43747,1.37,1.00
2017.05.17 21:21:01.791,1.43692,1.43745,1.37,1.00
2017.05.17 21:21:02.341,1.43691,1.43743,1.37,1.00
2017.05.17 21:21:02.392,1.43691,1.43743,1.12,1.00
2017.05.17 21:21:02.444,1.43691,1.43743,1.37,1.00
2017.05.17 21:21:04.614,1.43691,1.43744,1.37,1.00
2017.05.17 21:21:05.343,1.43691,1.43743,1.37,1.00
2017.05.17 21:21:06.095,1.43692,1.43744,1.37,1.00
2017.05.17 21:21:06.393,1.43693,1.43746,1.00,1.00
2017.05.17 21:21:06.540,1.43693,1.43745,1.37,1.00
2017.05.17 21:21:07.146,1.43691,1.43746,1.37,1.00
2017.05.17 21:21:07.395,1.43693,1.43746,1.37,1.00
2017.05.17 21:21:08.400,1.43694,1.43746,1.37,1.00
2017.05.17 21:21:08.945,1.43692,1.43745,1.37,1.00
2017.05.17 21:21:09.345,1.43694,1.43747,1.37,1.00
2017.05.17 21:21:09.396,1.43692,1.43746,1.37,1.00
2017.05.17 21:21:10.345,1.43693,1.43748,1.37,1.31
2017.05.17 21:21:10.500,1.43696,1.43749,1.37,1.56
2017.05.17 21:21:11.395,1.43696,1.43751,1.37,1.69
2017.05.17 21:21:12.615,1.43696,1.43751,1.37,1.69
2017.05.17 21:21:13.344,1.43697,1.43749,1.37,1.31
2017.05.17 21:21:18.705,1.43697,1.43749,1.37,1.31
2017.05.17 21:21:19.360,1.43696,1.4375,1.37,1.62
2017.05.17 21:21:20.484,1.43696,1.4375,1.37,1.62
2017.05.17 21:21:21.029,1.43696,1.4375,1.50,1.25
2017.05.17 21:21:21.365,1.43696,1.43748,1.50,1.00
2017.05.17 21:21:21.880,1.43695,1.43747,1.75,1.00
2017.05.17 21:21:22.381,1.43695,1.43747,1.75,1.00
2017.05.17 21:21:22.896,1.43696,1.43748,1.50,1.00
2017.05.17 21:21:23.549,1.43696,1.43748,1.50,1.00
2017.05.17 21:21:24.200,1.43696,1.43748,1.50,1.00
2017.05.17 21:21:24.750,1.43697,1.43749,1.37,1.00
2017.05.17 21:21:25.375,1.43695,1.43748,1.75,1.00
2017.05.17 21:21:25.982,1.43695,1.43749,1.37,1.00
2017.05.17 21:21:26.512,1.43696,1.43748,1.37,1.00
2017.05.17 21:21:28.398,1.43696,1.4375,1.37,1.25
2017.05.17 21:21:29.343,1.43695,1.43749,1.37,1.00
2017.05.17 21:21:29.447,1.43696,1.4375,1.37,1.25
2017.05.17 21:21:29.951,1.43698,1.43749,1.37,1.00
2017.05.17 21:21:30.455,1.43696,1.4375,1.37,1.25
2017.05.17 21:21:30.997,1.43698,1.4375,1.37,1.25
2017.05.17 21:21:31.506,1.43698,1.43752,1.37,1.19
2017.05.17 21:21:32.162,1.43695,1.43743,1.37,1.19
2017.05.17 21:21:32.214,1.43691,1.43742,1.37,1.19
2017.05.17 21:21:32.266,1.43685,1.43728,1.37,1.00
2017.05.17 21:21:32.318,1.43685,1.43728,1.00,1.00
2017.05.17 21:21:32.421,1.43685,1.43726,1.00,1.00
2017.05.17 21:21:32.965,1.43674,1.43726,1.37,1.00
2017.05.17 21:21:33.511,1.43675,1.43727,1.37,1.00
2017.05.17 21:21:34.018,1.43676,1.43728,1.37,1.00
2017.05.17 21:21:34.411,1.43676,1.4373,1.37,1.00
2017.05.17 21:21:35.115,1.43676,1.4373,1.37,1.00
2017.05.17 21:21:36.399,1.43679,1.43733,1.37,1.00
2017.05.17 21:21:37.502,1.4368,1.43732,1.37,1.00
2017.05.17 21:21:38.176,1.43686,1.4374,1.56,1.00
2017.05.17 21:21:38.229,1.43701,1.43753,1.56,1.00
2017.05.17 21:21:38.352,1.43706,1.43758,1.62,1.00
2017.05.17 21:21:38.558,1.43702,1.43755,1.56,1.00
2017.05.17 21:21:38.609,1.43703,1.43758,1.56,1.00
2017.05.17 21:21:38.713,1.43706,1.43761,1.62,1.00
2017.05.17 21:21:39.586,1.43706,1.43761,1.62,1.00
2017.05.17 21:21:40.069,1.43706,1.43759,1.62,1.00
2017.05.17 21:21:40.611,1.43705,1.43758,1.56,1.00
2017.05.17 21:21:41.387,1.43704,1.43757,1.56,1.00
2017.05.17 21:21:47.372,1.43703,1.43757,1.56,1.00
2017.05.17 21:21:50.643,1.43698,1.43753,2.06,1.19
2017.05.17 21:21:50.695,1.43695,1.43752,1.94,1.19
2017.05.17 21:21:50.797,1.43696,1.4375,1.94,1.19
2017.05.17 21:21:50.899,1.43693,1.43748,1.94,1.19
2017.05.17 21:21:51.162,1.43692,1.43746,1.00,1.56
2017.05.17 21:21:51.214,1.4368,1.43734,1.50,1.56
2017.05.17 21:21:51.368,1.43672,1.43723,1.12,1.00
2017.05.17 21:21:52.093,1.43667,1.43722,2.06,1.00
2017.05.17 21:21:52.666,1.43667,1.43722,2.06,1.00
2017.05.17 21:21:53.261,1.43669,1.43724,1.56,1.00
2017.05.17 21:21:53.474,1.43672,1.43727,1.37,1.00
2017.05.17 21:21:53.576,1.43673,1.43728,1.56,1.00
2017.05.17 21:21:53.679,1.43676,1.43732,1.56,1.00
2017.05.17 21:21:53.730,1.43676,1.43732,1.56,1.00
2017.05.17 21:21:54.565,1.43676,1.43732,1.56,1.00
2017.05.17 21:21:54.718,1.43681,1.43737,1.56,1.00
2017.05.17 21:21:55.102,1.43679,1.43737,1.75,1.00
2017.05.17 21:21:55.639,1.43679,1.43737,1.75,1.00
2017.05.17 21:21:55.885,1.43677,1.43735,1.94,1.00
2017.05.17 21:21:56.650,1.43677,1.43733,1.94,1.00
2017.05.17 21:21:57.392,1.43677,1.43733,1.94,1.00
2017.05.17 21:21:58.412,1.4368,1.43738,1.75,1.00
2017.05.17 21:21:58.933,1.4368,1.43739,1.75,1.00
2017.05.17 21:22:01.048,1.43682,1.43739,2.06,1.00
2017.05.17 21:22:01.151,1.43687,1.43743,1.75,1.00
2017.05.17 21:22:03.343,1.43687,1.43745,1.75,1.00
2017.05.17 21:22:03.396,1.43689,1.43747,1.75,1.00
2017.05.17 21:22:04.412,1.43693,1.43752,1.75,1.00
2017.05.17 21:22:04.768,1.43693,1.4375,1.75,1.00
2017.05.17 21:22:05.347,1.4369,1.43749,1.75,1.00
2017.05.17 21:22:05.449,1.43694,1.43753,1.87,1.00
2017.05.17 21:22:05.500,1.43694,1.43753,1.87,1.00
2017.05.17 21:22:07.364,1.43696,1.43754,1.75,1.00
2017.05.17 21:22:07.999,1.43699,1.43755,1.12,1.00
2017.05.17 21:22:09.213,1.43701,1.43754,1.37,1.00
2017.05.17 21:22:09.416,1.43701,1.43756,1.12,1.00
2017.05.17 21:22:09.468,1.43701,1.43761,1.87,1.00
2017.05.17 21:22:09.519,1.43701,1.43759,1.87,1.00
2017.05.17 21:22:10.484,1.43701,1.43758,1.75,1.00
2017.05.17 21:22:10.993,1.43696,1.43754,1.12,1.00
2017.05.17 21:22:11.323,1.43696,1.43751,1.12,1.00
2017.05.17 21:22:11.425,1.43694,1.43753,1.87,1.00
2017.05.17 21:22:12.363,1.43695,1.43754,1.75,1.00
2017.05.17 21:22:12.693,1.43693,1.4375,1.75,1.00
2017.05.17 21:22:12.963,1.43693,1.4375,1.37,1.00
2017.05.17 21:22:13.121,1.43692,1.43752,1.50,1.00
2017.05.17 21:22:14.784,1.43694,1.43751,1.75,1.00
2017.05.17 21:22:14.937,1.43695,1.43753,1.50,1.00
2017.05.17 21:22:15.162,1.43693,1.43751,1.75,1.00
2017.05.17 21:22:15.394,1.43695,1.43755,1.50,1.00
2017.05.17 21:22:17.745,1.43696,1.43756,1.75,1.00
2017.05.17 21:22:17.797,1.43702,1.43758,1.00,1.00
2017.05.17 21:22:18.385,1.43702,1.43755,1.00,1.00
2017.05.17 21:22:18.437,1.43697,1.43758,1.50,1.00
2017.05.17 21:22:19.955,1.43697,1.43755,1.75,1.00
2017.05.17 21:22:20.108,1.43698,1.43756,1.75,1.00
2017.05.17 21:22:20.734,1.43695,1.43755,1.75,1.00
2017.05.17 21:22:20.866,1.43696,1.43755,1.12,1.00
2017.05.17 21:22:21.380,1.43702,1.4375,1.00,1.00
2017.05.17 21:22:21.432,1.43696,1.43753,1.12,1.00
2017.05.17 21:22:21.943,1.43696,1.43752,1.12,1.00
2017.05.17 21:22:22.353,1.43694,1.43754,1.12,1.00
2017.05.17 21:22:22.404,1.43706,1.43756,1.00,1.00
2017.05.17 21:22:22.456,1.43706,1.43758,1.00,1.00
2017.05.17 21:22:23.400,1.43706,1.43757,1.00,1.00
2017.05.17 21:22:23.451,1.43706,1.43759,1.00,1.00
2017.05.17 21:22:23.955,1.43706,1.43758,1.00,1.00
2017.05.17 21:22:24.395,1.43701,1.4376,1.87,1.00
2017.05.17 21:22:24.498,1.43706,1.43759,1.00,1.00
2017.05.17 21:22:25.070,1.43702,1.43759,1.12,1.00
2017.05.17 21:22:25.315,1.43702,1.43756,1.12,1.00
2017.05.17 21:22:26.220,1.43701,1.43758,1.12,1.00
2017.05.17 21:22:26.409,1.43707,1.4376,1.00,1.00
2017.05.17 21:22:26.929,1.43703,1.43759,1.12,1.00
2017.05.17 21:22:29.345,1.43703,1.43761,1.75,1.00
2017.05.17 21:22:29.397,1.43701,1.43759,1.12,1.00
2017.05.17 21:22:29.448,1.43701,1.43757,1.12,1.00
2017.05.17 21:22:29.950,1.43702,1.43761,1.00,1.00
2017.05.17 21:22:30.114,1.43701,1.43761,1.87,1.00
2017.05.17 21:22:30.446,1.43702,1.43759,1.37,1.00
2017.05.17 21:22:32.340,1.43701,1.43758,1.12,1.00
2017.05.17 21:22:32.391,1.43701,1.43761,1.87,1.00
2017.05.17 21:22:32.443,1.43702,1.43761,1.12,1.00
2017.05.17 21:22:33.334,1.43699,1.43758,1.75,1.00
2017.05.17 21:22:33.487,1.43705,1.43763,1.00,1.00
2017.05.17 21:22:34.189,1.43705,1.43763,1.37,1.00
2017.05.17 21:22:34.835,1.43705,1.43763,1.12,1.00
2017.05.17 21:22:36.110,1.43705,1.43763,1.37,1.00
2017.05.17 21:22:37.159,1.43705,1.43763,1.00,1.00
2017.05.17 21:22:37.654,1.43705,1.43765,1.00,1.00
2017.05.17 21:22:38.975,1.43704,1.43764,1.37,1.00
2017.05.17 21:22:39.369,1.43704,1.43764,1.37,1.00
2017.05.17 21:22:39.883,1.43707,1.43765,1.37,1.00
2017.05.17 21:22:40.369,1.43707,1.43765,1.37,1.00
2017.05.17 21:22:41.033,1.43708,1.43766,1.37,1.00
2017.05.17 21:22:41.775,1.43707,1.43765,1.37,1.00
2017.05.17 21:22:42.734,1.43707,1.43765,1.37,1.00
2017.05.17 21:22:43.414,1.43708,1.43766,1.37,1.00
2017.05.17 21:22:44.026,1.43707,1.43765,1.75,1.00
2017.05.17 21:22:44.947,1.43708,1.43766,1.50,1.00
2017.05.17 21:22:46.365,1.43708,1.43765,1.12,1.00
2017.05.17 21:22:46.416,1.43708,1.43767,1.12,1.00
2017.05.17 21:22:47.044,1.43708,1.43765,1.87,1.00
2017.05.17 21:22:54.697,1.43709,1.43765,1.87,1.00
2017.05.17 21:22:55.348,1.43709,1.43764,1.12,1.00
2017.05.17 21:22:55.400,1.43709,1.43766,1.12,1.00
2017.05.17 21:23:00.344,1.43709,1.43763,1.12,1.00
2017.05.17 21:23:00.704,1.43709,1.43763,1.12,1.00
2017.05.17 21:23:01.343,1.43709,1.43763,1.12,1.00
2017.05.17 21:23:01.527,1.43707,1.43765,1.75,1.00
2017.05.17 21:23:02.506,1.43708,1.43766,1.75,1.00
2017.05.17 21:23:03.283,1.43708,1.43764,1.75,1.00
2017.05.17 21:23:03.538,1.43705,1.43761,1.87,1.00
2017.05.17 21:23:03.640,1.43705,1.43761,1.87,1.00
2017.05.17 21:23:04.369,1.43705,1.43761,1.87,1.00
2017.05.17 21:23:05.103,1.43706,1.43762,1.87,1.00
2017.05.17 21:23:05.484,1.43706,1.43764,1.87,1.00
2017.05.17 21:23:05.586,1.43706,1.43762,1.75,1.00
2017.05.17 21:23:07.974,1.43706,1.43762,1.50,1.00
2017.05.17 21:23:08.327,1.43704,1.4376,1.87,1.00
2017.05.17 21:23:08.956,1.43703,1.43759,1.12,1.00
2017.05.17 21:23:09.007,1.43703,1.43757,1.37,1.00
2017.05.17 21:23:09.615,1.43702,1.43756,1.12,1.00
2017.05.17 21:23:10.392,1.43702,1.43758,1.00,1.00
2017.05.17 21:23:10.445,1.43702,1.43758,1.75,1.00
2017.05.17 21:23:10.754,1.43702,1.43758,1.75,1.00
2017.05.17 21:23:11.546,1.43704,1.4376,1.75,1.00
2017.05.17 21:23:12.112,1.43704,1.4376,1.75,1.00
2017.05.17 21:23:12.214,1.43704,1.4376,1.75,1.00
2017.05.17 21:23:12.316,1.43704,1.4376,1.75,1.00
2017.05.17 21:23:12.919,1.43704,1.4376,1.75,1.00
2017.05.17 21:23:13.454,1.43702,1.43758,1.75,1.00
2017.05.17 21:23:13.760,1.43708,1.43765,1.75,1.00
2017.05.17 21:23:14.256,1.43711,1.43765,1.00,1.00
2017.05.17 21:23:14.307,1.43709,1.43765,1.75,1.00
2017.05.17 21:23:15.075,1.43708,1.43763,1.12,1.00
2017.05.17 21:23:15.381,1.43711,1.43767,1.37,1.00
2017.05.17 21:23:15.534,1.4371,1.43769,1.37,1.00
2017.05.17 21:23:15.637,1.4371,1.43769,1.75,1.00
2017.05.17 21:23:16.301,1.43713,1.4377,1.37,1.00
2017.05.17 21:23:16.889,1.43713,1.43769,1.37,1.00
2017.05.17 21:23:17.194,1.43712,1.43771,1.50,1.00
2017.05.17 21:23:17.434,1.43713,1.43769,1.75,1.00
2017.05.17 21:23:18.044,1.43711,1.4377,1.87,1.00
2017.05.17 21:23:18.350,1.43711,1.43767,1.12,1.00
2017.05.17 21:23:19.543,1.4371,1.43764,1.12,1.00
2017.05.17 21:23:22.390,1.43708,1.43764,1.37,1.00
2017.05.17 21:23:22.441,1.43707,1.43764,1.87,1.00
2017.05.17 21:23:22.961,1.43708,1.43765,1.37,1.00
2017.05.17 21:23:23.606,1.43706,1.43763,1.87,1.00
2017.05.17 21:23:23.657,1.43706,1.43761,1.37,1.00
2017.05.17 21:23:24.165,1.43705,1.43761,1.12,1.00
2017.05.17 21:23:24.285,1.43704,1.43757,1.12,1.00
2017.05.17 21:23:24.336,1.43698,1.43755,1.12,1.00
2017.05.17 21:23:24.682,1.437,1.43751,1.12,1.00
2017.05.17 21:23:25.383,1.437,1.43751,1.12,1.00
2017.05.17 21:23:25.435,1.43699,1.43753,1.12,1.00
2017.05.17 21:23:26.233,1.43699,1.43751,1.12,1.00
2017.05.17 21:23:29.375,1.43698,1.43749,1.12,1.00
2017.05.17 21:23:32.363,1.43701,1.43752,1.12,1.00
2017.05.17 21:23:33.505,1.43701,1.43751,1.12,1.00
2017.05.17 21:23:34.371,1.43701,1.43751,1.12,1.00
2017.05.17 21:23:37.020,1.437,1.43752,1.12,1.00
2017.05.17 21:23:37.685,1.43705,1.43753,1.12,1.00
2017.05.17 21:23:38.524,1.43703,1.43753,1.12,1.00
2017.05.17 21:23:40.955,1.43705,1.4375,1.12,1.00
2017.05.17 21:23:41.006,1.43705,1.4375,1.12,1.00
2017.05.17 21:23:41.628,1.43703,1.43751,1.12,1.00
2017.05.17 21:23:42.150,1.43701,1.43749,1.12,1.00
2017.05.17 21:23:42.662,1.43701,1.43749,1.12,1.00
2017.05.17 21:23:42.912,1.43701,1.43751,1.12,1.00
2017.05.17 21:23:42.964,1.43701,1.43755,1.12,1.00
2017.05.17 21:23:43.279,1.43706,1.43755,1.37,1.00
2017.05.17 21:23:43.633,1.43706,1.43759,1.37,1.00
2017.05.17 21:23:44.402,1.43707,1.4376,1.37,1.00
2017.05.17 21:23:46.174,1.4371,1.43762,1.87,1.00
2017.05.17 21:23:46.226,1.43707,1.43764,1.12,1.00
2017.05.17 21:23:47.355,1.43712,1.4376,1.12,1.00
2017.05.17 21:23:47.406,1.43705,1.43762,3.00,1.00
2017.05.17 21:23:48.357,1.43705,1.43762,1.37,1.00
2017.05.17 21:23:51.265,1.43708,1.43763,1.12,1.00
2017.05.17 21:23:51.316,1.43708,1.43766,1.37,1.00
2017.05.17 21:23:51.368,1.43708,1.43764,1.37,1.00
2017.05.17 21:23:51.674,1.43708,1.43765,1.50,1.00
2017.05.17 21:23:52.372,1.43708,1.43765,1.75,1.00
2017.05.17 21:23:52.424,1.43711,1.43769,1.12,1.00
2017.05.17 21:23:52.628,1.43711,1.43767,1.12,1.00
2017.05.17 21:23:53.854,1.43714,1.43766,1.37,1.00
2017.05.17 21:23:54.392,1.43714,1.43766,1.37,1.00
2017.05.17 21:23:55.927,1.43713,1.43767,1.12,1.00
2017.05.17 21:23:57.047,1.43713,1.43768,1.12,1.00
2017.05.17 21:23:57.548,1.43712,1.43769,1.12,1.00
2017.05.17 21:23:59.393,1.43713,1.43773,1.87,1.00
2017.05.17 21:23:59.649,1.43713,1.43771,1.87,1.00
2017.05.17 21:24:00.168,1.43717,1.4377,1.12,1.00
2017.05.17 21:24:00.220,1.43717,1.43772,1.12,1.00
2017.05.17 21:24:03.402,1.43715,1.43773,1.12,1.00
2017.05.17 21:24:04.445,1.43715,1.43772,1.12,1.00
2017.05.17 21:24:04.956,1.43715,1.43772,1.12,1.00
2017.05.17 21:24:05.394,1.43715,1.43771,1.12,1.00
2017.05.17 21:24:05.597,1.43719,1.43772,1.00,1.00
2017.05.17 21:24:07.394,1.43719,1.43773,1.00,1.00
2017.05.17 21:24:08.023,1.43715,1.43772,1.12,1.00
2017.05.17 21:24:08.394,1.43717,1.43773,1.12,1.00
2017.05.17 21:24:09.204,1.43717,1.43772,1.12,1.00
2017.05.17 21:24:12.404,1.43716,1.43773,1.12,1.00
2017.05.17 21:24:13.053,1.43716,1.43772,1.12,1.00
2017.05.17 21:24:13.245,1.43716,1.43772,1.12,1.00
2017.05.17 21:24:13.792,1.43715,1.43773,1.12,1.00
2017.05.17 21:24:14.349,1.43715,1.43772,1.12,1.00
2017.05.17 21:24:14.899,1.43716,1.43771,1.12,1.00
2017.05.17 21:24:15.560,1.43716,1.4377,1.12,1.00
2017.05.17 21:24:16.393,1.43714,1.43771,1.12,1.00
2017.05.17 21:24:16.853,1.43714,1.43769,1.12,1.00
2017.05.17 21:24:18.395,1.43711,1.43768,1.12,1.00
2017.05.17 21:24:18.912,1.43711,1.43768,1.37,1.00
2017.05.17 21:24:20.725,1.43709,1.4377,1.87,1.00
2017.05.17 21:24:24.692,1.43711,1.4377,1.37,1.00
2017.05.17 21:24:26.226,1.43709,1.43771,1.87,1.00
2017.05.17 21:24:26.779,1.43711,1.43767,1.12,1.00
2017.05.17 21:24:27.109,1.43707,1.43765,1.12,1.00
2017.05.17 21:24:27.695,1.43708,1.43766,1.12,1.00
2017.05.17 21:24:29.939,1.43709,1.43767,1.37,1.00
2017.05.17 21:24:30.687,1.43709,1.4377,1.87,1.00
2017.05.17 21:24:31.238,1.43711,1.43769,1.12,1.00
2017.05.17 21:24:31.786,1.43711,1.43768,1.12,1.00
2017.05.17 21:24:32.635,1.4371,1.43768,1.12,1.00
2017.05.17 21:24:38.361,1.43713,1.43768,1.12,1.00
2017.05.17 21:24:38.875,1.43713,1.43768,1.12,1.00
2017.05.17 21:24:39.391,1.43713,1.43767,1.12,1.00
2017.05.17 21:24:40.038,1.4371,1.43768,1.12,1.00
2017.05.17 21:24:40.726,1.43711,1.43767,1.12,1.00
2017.05.17 21:24:41.134,1.43711,1.43767,1.12,1.00
2017.05.17 21:24:44.559,1.43712,1.43767,1.12,1.00
2017.05.17 21:24:45.119,1.43712,1.43767,1.12,1.00
2017.05.17 21:24:49.075,1.43717,1.43768,1.87,1.00
2017.05.17 21:24:49.382,1.43717,1.4377,1.31,1.00
2017.05.17 21:24:52.352,1.43713,1.43772,1.94,1.00
2017.05.17 21:24:54.044,1.43718,1.43773,1.31,1.00
2017.05.17 21:24:54.146,1.43717,1.43773,1.31,1.00
2017.05.17 21:24:55.123,1.43718,1.43772,1.31,1.00
2017.05.17 21:24:59.880,1.43718,1.43771,1.56,1.00
2017.05.17 21:25:00.353,1.43714,1.43773,1.31,1.00
2017.05.17 21:25:00.404,1.43715,1.4377,1.31,1.00
2017.05.17 21:25:01.389,1.43717,1.4377,1.94,1.00
2017.05.17 21:25:01.440,1.43717,1.43772,1.94,1.00
2017.05.17 21:25:01.545,1.43717,1.43772,1.94,1.00
2017.05.17 21:25:01.758,1.43717,1.43772,1.94,1.00
2017.05.17 21:25:02.476,1.43717,1.43772,1.31,1.00
2017.05.17 21:25:02.579,1.43717,1.43769,1.94,1.00
2017.05.17 21:25:03.399,1.43718,1.43771,1.31,1.00
2017.05.17 21:25:03.450,1.43718,1.43769,1.31,1.00
2017.05.17 21:25:04.408,1.43716,1.4377,1.94,1.00
2017.05.17 21:25:04.967,1.43718,1.4377,1.94,1.00
2017.05.17 21:25:05.568,1.43718,1.4377,1.94,1.00
2017.05.17 21:25:06.101,1.43722,1.4377,1.00,1.00
2017.05.17 21:25:09.397,1.43718,1.43771,1.31,1.00
2017.05.17 21:25:09.702,1.43718,1.43769,1.56,1.00
2017.05.17 21:25:10.389,1.43718,1.43769,1.56,1.00
2017.05.17 21:25:10.441,1.43718,1.43769,1.56,1.00
2017.05.17 21:25:12.442,1.43722,1.4377,1.00,1.00
2017.05.17 21:25:15.821,1.43717,1.43767,1.12,1.00
2017.05.17 21:25:15.923,1.43712,1.43764,1.12,1.00
2017.05.17 21:25:17.429,1.43711,1.43767,1.37,1.00
2017.05.17 21:25:17.481,1.43711,1.43769,1.37,1.00
2017.05.17 21:25:18.909,1.43711,1.43768,1.12,1.00
2017.05.17 21:25:21.100,1.43715,1.43769,1.12,1.00
2017.05.17 21:25:21.777,1.43714,1.43768,1.12,1.00
2017.05.17 21:25:23.394,1.43712,1.43771,1.87,1.00
2017.05.17 21:25:24.517,1.43715,1.43771,1.12,1.00
2017.05.17 21:25:24.670,1.43715,1.43771,1.12,1.00
2017.05.17 21:25:24.721,1.43717,1.43769,1.12,1.00
2017.05.17 21:25:25.503,1.43715,1.4377,1.37,1.00
2017.05.17 21:25:28.394,1.43715,1.43769,1.12,1.00
2017.05.17 21:25:28.964,1.43715,1.4377,1.12,1.00
2017.05.17 21:25:29.312,1.43715,1.43768,1.12,1.00
2017.05.17 21:25:31.717,1.43715,1.43768,1.12,1.00
2017.05.17 21:25:31.820,1.43714,1.43769,1.12,1.00
2017.05.17 21:25:31.871,1.43714,1.43769,1.12,1.00
2017.05.17 21:25:32.524,1.43714,1.43767,1.12,1.00
2017.05.17 21:25:32.576,1.43714,1.43767,1.12,1.00
2017.05.17 21:25:33.124,1.43715,1.43766,1.37,1.00
2017.05.17 21:25:33.366,1.43715,1.43768,1.12,1.00
2017.05.17 21:25:33.419,1.43715,1.4377,1.12,1.00
2017.05.17 21:25:33.968,1.43717,1.43771,1.12,1.00
2017.05.17 21:25:34.592,1.43717,1.4377,1.12,1.00
2017.05.17 21:25:37.344,1.43715,1.43771,1.12,1.00
2017.05.17 21:25:41.838,1.43713,1.43769,1.12,1.00
2017.05.17 21:25:41.889,1.43713,1.43771,1.12,1.00
2017.05.17 21:25:42.553,1.43716,1.43769,1.12,1.00
2017.05.17 21:25:44.203,1.43716,1.43769,1.12,1.00
2017.05.17 21:25:44.557,1.43715,1.4377,1.12,1.00
2017.05.17 21:25:45.394,1.43715,1.4377,1.12,1.00
2017.05.17 21:25:46.443,1.43713,1.43771,1.87,1.00
2017.05.17 21:25:46.495,1.43724,1.43772,1.00,1.00
2017.05.17 21:25:46.546,1.43713,1.43773,1.87,1.00
2017.05.17 21:25:47.059,1.43713,1.43773,1.12,1.00
2017.05.17 21:25:47.393,1.43713,1.43771,1.12,1.00
2017.05.17 21:25:47.445,1.43717,1.43774,1.12,1.00
2017.05.17 21:25:47.967,1.43717,1.43775,1.12,1.00
2017.05.17 21:25:48.389,1.43717,1.43772,1.12,1.00
2017.05.17 21:25:48.781,1.43717,1.43772,1.12,1.00
2017.05.17 21:25:49.057,1.43717,1.43772,1.12,1.00
2017.05.17 21:25:49.661,1.43717,1.43771,1.12,1.00
2017.05.17 21:25:50.193,1.43717,1.43771,1.12,1.00
2017.05.17 21:25:50.374,1.43714,1.43769,1.12,1.00
2017.05.17 21:25:50.907,1.43711,1.4377,2.62,1.00
2017.05.17 21:25:51.288,1.43711,1.43764,1.12,1.00
2017.05.17 21:25:51.339,1.43711,1.43764,2.62,1.00
2017.05.17 21:25:51.390,1.43711,1.43763,1.12,1.00
2017.05.17 21:25:51.442,1.43705,1.4376,2.25,1.00
2017.05.17 21:25:51.866,1.43711,1.43763,1.87,1.00
2017.05.17 21:25:52.661,1.43713,1.43768,1.37,1.00
2017.05.17 21:25:52.712,1.43713,1.43768,1.37,1.00
2017.05.17 21:25:52.814,1.43713,1.4377,1.75,1.00
2017.05.17 21:25:53.143,1.43713,1.43772,1.75,1.00
2017.05.17 21:25:53.673,1.43713,1.43769,1.75,1.00
2017.05.17 21:25:53.725,1.43713,1.43769,1.75,1.00
2017.05.17 21:25:54.152,1.43713,1.43772,1.75,1.00
2017.05.17 21:25:54.283,1.4371,1.43768,1.75,1.00
2017.05.17 21:25:54.589,1.43706,1.43762,2.44,1.00
2017.05.17 21:25:54.794,1.43705,1.43762,3.19,1.00
2017.05.17 21:25:55.307,1.43705,1.43763,2.81,1.00
2017.05.17 21:25:55.985,1.43705,1.43763,2.81,1.00
2017.05.17 21:25:56.293,1.43705,1.43761,2.81,1.00
2017.05.17 21:25:58.500,1.43705,1.43761,2.81,1.00
2017.05.17 21:25:58.551,1.43705,1.43759,2.81,1.00
2017.05.17 21:25:59.617,1.43705,1.43759,2.81,1.00
2017.05.17 21:26:01.801,1.43706,1.43759,2.06,1.00
2017.05.17 21:26:02.412,1.43706,1.43759,2.06,1.00
2017.05.17 21:26:04.343,1.43705,1.43761,2.81,1.00
2017.05.17 21:26:04.395,1.43711,1.43762,1.87,1.00
2017.05.17 21:26:04.600,1.43706,1.43762,2.81,1.00
2017.05.17 21:26:05.182,1.43706,1.43761,2.44,1.00
2017.05.17 21:26:06.128,1.43706,1.4376,3.19,1.00
2017.05.17 21:26:07.139,1.43706,1.43762,2.81,1.00
2017.05.17 21:26:08.076,1.43706,1.43761,2.81,1.00
2017.05.17 21:26:11.110,1.4371,1.43763,1.87,1.00
2017.05.17 21:26:11.603,1.4371,1.43765,2.25,1.00
2017.05.17 21:26:12.435,1.43711,1.43766,2.62,1.00
2017.05.17 21:26:15.389,1.43714,1.43766,1.12,1.00
2017.05.17 21:26:16.076,1.43714,1.43766,1.12,1.00
2017.05.17 21:26:16.430,1.43713,1.43766,1.12,1.00
2017.05.17 21:26:17.066,1.43713,1.43765,1.12,1.00
2017.05.17 21:26:17.584,1.43711,1.43766,2.25,1.00
2017.05.17 21:26:22.727,1.43711,1.43765,1.87,1.00
2017.05.17 21:26:22.778,1.43706,1.43765,3.00,1.00
2017.05.17 21:26:24.528,1.43707,1.43765,1.75,1.00
2017.05.17 21:26:24.579,1.43707,1.43765,1.75,1.00
2017.05.17 21:26:25.084,1.43707,1.43763,1.37,1.00
2017.05.17 21:26:25.780,1.43707,1.43762,1.37,1.00
2017.05.17 21:26:26.308,1.43707,1.43761,1.37,1.00
2017.05.17 21:26:29.874,1.43705,1.43757,1.87,1.12
2017.05.17 21:26:30.576,1.43705,1.43756,1.87,1.12
2017.05.17 21:26:30.678,1.43701,1.43756,3.00,1.12
2017.05.17 21:26:33.338,1.43703,1.43755,1.37,1.12
2017.05.17 21:26:36.368,1.43704,1.43756,1.12,1.12
2017.05.17 21:26:38.350,1.43703,1.43755,1.12,1.12
2017.05.17 21:26:38.827,1.43703,1.43755,1.12,1.12
2017.05.17 21:26:39.079,1.43704,1.43755,1.12,1.12
2017.05.17 21:26:39.303,1.43703,1.43755,1.12,1.12
2017.05.17 21:26:39.579,1.43703,1.43755,1.12,1.12
2017.05.17 21:26:39.781,1.43703,1.43755,1.12,1.12
2017.05.17 21:26:40.073,1.43703,1.43755,1.12,1.12
2017.05.17 21:26:40.279,1.43703,1.43755,1.12,1.12
2017.05.17 21:26:40.423,1.43703,1.43755,1.12,1.12
2017.05.17 21:26:40.906,1.43703,1.43756,1.12,1.12
2017.05.17 21:26:41.416,1.43704,1.43756,1.12,1.12
2017.05.17 21:26:41.929,1.43704,1.43756,1.12,1.12
2017.05.17 21:26:42.729,1.437,1.43756,3.75,1.12
2017.05.17 21:26:43.249,1.43701,1.43756,2.25,1.12
2017.05.17 21:26:43.302,1.437,1.43756,3.75,1.12
2017.05.17 21:26:43.354,1.43701,1.43756,2.25,1.12
2017.05.17 21:26:43.876,1.437,1.43756,3.00,1.12
2017.05.17 21:26:44.181,1.43706,1.43756,1.87,1.12
2017.05.17 21:26:44.723,1.437,1.43755,2.25,1.12
2017.05.17 21:26:44.952,1.43701,1.43755,2.25,1.12
2017.05.17 21:26:45.600,1.43706,1.43755,2.25,1.12
2017.05.17 21:26:45.720,1.43702,1.43755,1.75,1.12
2017.05.17 21:26:46.004,1.43706,1.43756,2.25,1.12
2017.05.17 21:26:50.968,1.43703,1.43756,1.75,1.12
2017.05.17 21:26:53.380,1.43705,1.43756,2.25,1.12
2017.05.17 21:26:54.389,1.43705,1.43757,1.75,1.87
2017.05.17 21:26:54.989,1.43705,1.43756,1.75,1.56
2017.05.17 21:26:55.124,1.43705,1.43756,1.75,1.56
2017.05.17 21:26:55.422,1.43704,1.43757,1.37,1.56
2017.05.17 21:26:55.670,1.43704,1.43756,1.37,1.87
2017.05.17 21:26:56.082,1.43704,1.43756,1.37,1.87
2017.05.17 21:26:56.376,1.43704,1.43756,1.37,1.87
2017.05.17 21:26:56.537,1.43704,1.43756,1.37,1.87
2017.05.17 21:26:56.757,1.43704,1.43755,1.37,1.56
2017.05.17 21:26:56.974,1.43704,1.43756,1.37,1.87
2017.05.17 21:26:57.266,1.43704,1.43755,1.37,1.56
2017.05.17 21:26:57.518,1.43704,1.43756,1.37,1.12
2017.05.17 21:26:57.753,1.43704,1.43756,1.37,1.12
2017.05.17 21:26:58.022,1.43705,1.43758,1.37,1.12
2017.05.17 21:26:58.258,1.43706,1.43758,1.87,1.12
2017.05.17 21:26:58.517,1.43705,1.43758,1.37,1.12
2017.05.17 21:26:58.768,1.43705,1.43758,2.62,1.12
2017.05.17 21:26:59.018,1.43705,1.43758,1.75,1.12
2017.05.17 21:26:59.271,1.43706,1.43757,2.25,1.12
2017.05.17 21:26:59.373,1.43705,1.43757,1.75,1.12
2017.05.17 21:26:59.476,1.43705,1.43757,1.75,1.12
2017.05.17 21:26:59.765,1.43705,1.43757,1.75,1.12
2017.05.17 21:26:59.992,1.43705,1.43757,1.75,1.12
2017.05.17 21:27:00.222,1.43705,1.43757,1.75,1.12
2017.05.17 21:27:00.490,1.43705,1.43758,2.25,1.12
2017.05.17 21:27:00.837,1.43705,1.43758,2.25,1.12
2017.05.17 21:27:00.991,1.43705,1.43758,2.25,1.12
2017.05.17 21:27:01.273,1.43705,1.43758,2.25,1.12
2017.05.17 21:27:01.496,1.43706,1.43757,1.75,1.12
2017.05.17 21:27:01.723,1.43706,1.43757,1.75,1.12
2017.05.17 21:27:01.981,1.43706,1.43757,1.75,1.12
2017.05.17 21:27:02.262,1.43706,1.43757,1.75,1.12
2017.05.17 21:27:02.471,1.43706,1.43757,1.75,1.12
2017.05.17 21:27:02.721,1.43706,1.43757,1.75,1.12
2017.05.17 21:27:03.026,1.43706,1.43757,1.75,1.12
2017.05.17 21:27:03.253,1.43706,1.43757,1.75,1.12
2017.05.17 21:27:03.622,1.43706,1.43758,1.75,1.12
2017.05.17 21:27:03.727,1.43706,1.43758,1.75,1.12
2017.05.17 21:27:03.976,1.43706,1.43758,1.75,1.12
2017.05.17 21:27:04.027,1.43708,1.43761,1.75,1.12
2017.05.17 21:27:04.195,1.43708,1.43761,1.75,1.12
2017.05.17 21:27:04.728,1.43708,1.43761,1.75,1.12
2017.05.17 21:27:04.995,1.43708,1.43761,1.75,1.12
2017.05.17 21:27:05.274,1.43708,1.43761,1.75,1.12
2017.05.17 21:27:05.486,1.43708,1.43761,1.75,1.12
2017.05.17 21:27:05.742,1.43707,1.43761,1.75,1.12
2017.05.17 21:27:05.975,1.43707,1.43761,1.75,1.12
2017.05.17 21:27:06.266,1.43707,1.43761,1.75,1.12
2017.05.17 21:27:06.534,1.43707,1.43759,1.75,1.12
2017.05.17 21:27:06.724,1.43707,1.43759,1.75,1.12
2017.05.17 21:27:06.979,1.43706,1.43759,1.75,1.12
2017.05.17 21:27:07.189,1.43708,1.43759,1.75,1.12
2017.05.17 21:27:07.373,1.43708,1.43759,1.75,1.12
2017.05.17 21:27:07.622,1.43708,1.43761,1.75,1.12
2017.05.17 21:27:07.674,1.43707,1.43761,1.75,1.12
2017.05.17 21:27:07.918,1.43708,1.43761,1.75,1.12
2017.05.17 21:27:08.122,1.43708,1.43761,1.75,1.12
2017.05.17 21:27:08.628,1.43708,1.43761,1.75,1.12
2017.05.17 21:27:08.773,1.43708,1.43761,1.75,1.12
2017.05.17 21:27:09.024,1.43708,1.43761,1.75,1.12
2017.05.17 21:27:09.327,1.43708,1.43761,1.75,1.12
2017.05.17 21:27:09.876,1.4371,1.43761,1.75,1.12
2017.05.17 21:27:10.075,1.4371,1.4376,1.75,1.12
2017.05.17 21:27:10.274,1.4371,1.4376,1.75,1.12
2017.05.17 21:27:10.597,1.43709,1.43757,1.75,1.12
2017.05.17 21:27:10.648,1.43709,1.43757,1.75,1.12
2017.05.17 21:27:10.789,1.43707,1.43757,1.75,1.12
2017.05.17 21:27:11.054,1.43707,1.43757,1.75,1.12
2017.05.17 21:27:11.272,1.43707,1.43757,1.75,1.12
2017.05.17 21:27:11.556,1.43707,1.43757,1.75,1.12
2017.05.17 21:27:11.677,1.43707,1.43757,1.75,1.12
2017.05.17 21:27:11.927,1.43707,1.43757,1.75,1.12
2017.05.17 21:27:12.097,1.43707,1.43757,1.75,1.12
2017.05.17 21:27:12.368,1.43707,1.43757,1.75,1.12
2017.05.17 21:27:12.624,1.43707,1.43757,1.75,1.12
2017.05.17 21:27:12.868,1.43707,1.43757,1.75,1.12
2017.05.17 21:27:13.074,1.43707,1.43757,1.75,1.12
2017.05.17 21:27:13.323,1.43707,1.43757,1.75,1.12
2017.05.17 21:27:13.664,1.43707,1.43757,1.75,1.12
2017.05.17 21:27:13.857,1.43707,1.43757,1.75,1.12
2017.05.17 21:27:14.164,1.43705,1.43751,1.75,1.12
2017.05.17 21:27:14.771,1.43708,1.43757,1.75,1.12
2017.05.17 21:27:15.373,1.43709,1.43757,1.75,1.12
2017.05.17 21:27:16.007,1.43709,1.43757,1.75,1.12
2017.05.17 21:27:16.533,1.43709,1.43757,1.75,1.12
2017.05.17 21:27:17.106,1.43709,1.43757,1.75,1.12
2017.05.17 21:27:17.766,1.43709,1.43757,1.75,1.12
2017.05.17 21:27:18.630,1.43709,1.43757,1.75,1.12
2017.05.17 21:27:18.783,1.43709,1.43757,1.75,1.12
2017.05.17 21:27:19.064,1.43709,1.43757,1.75,1.12
2017.05.17 21:27:19.239,1.43709,1.43763,1.75,1.00
2017.05.17 21:27:19.290,1.43709,1.43763,1.75,1.00
2017.05.17 21:27:19.523,1.43709,1.43763,1.75,1.00
2017.05.17 21:27:19.795,1.43709,1.43763,1.75,1.00
2017.05.17 21:27:20.563,1.43711,1.43763,1.12,1.00
2017.05.17 21:27:20.615,1.43711,1.43763,1.12,1.00
2017.05.17 21:27:21.022,1.43709,1.43763,1.75,1.00
2017.05.17 21:27:21.397,1.43709,1.43763,1.75,1.00
2017.05.17 21:27:21.627,1.43709,1.43763,1.75,1.00
2017.05.17 21:27:21.729,1.4371,1.43763,1.75,1.00
2017.05.17 21:27:22.387,1.4371,1.43763,1.75,1.00
2017.05.17 21:27:23.271,1.4371,1.43763,1.75,1.00
2017.05.17 21:27:23.794,1.43708,1.43762,1.75,1.00
2017.05.17 21:27:24.573,1.43708,1.43757,1.75,1.12
2017.05.17 21:27:24.799,1.43708,1.43757,1.75,1.12
2017.05.17 21:27:25.067,1.43709,1.43757,1.75,1.12
2017.05.17 21:27:25.326,1.43709,1.43758,1.75,1.12
2017.05.17 21:27:25.577,1.43708,1.43758,1.75,1.12
2017.05.17 21:27:25.789,1.43709,1.43758,1.75,1.12
2017.05.17 21:27:26.067,1.43709,1.43758,1.75,1.12
2017.05.17 21:27:26.275,1.43709,1.43758,1.75,1.12
2017.05.17 21:27:26.522,1.43709,1.43757,1.75,1.12
2017.05.17 21:27:26.786,1.43709,1.43757,1.75,1.12
2017.05.17 21:27:27.107,1.43709,1.43757,1.75,1.12
2017.05.17 21:27:27.270,1.43709,1.43757,1.75,1.12
2017.05.17 21:27:27.778,1.43711,1.43757,1.12,1.12
2017.05.17 21:27:28.294,1.43709,1.43755,1.75,1.12
2017.05.17 21:27:28.345,1.43709,1.43758,1.75,1.12
2017.05.17 21:27:28.559,1.43709,1.43758,1.75,1.12
2017.05.17 21:27:29.273,1.43709,1.43758,1.75,1.12
2017.05.17 21:27:29.649,1.43709,1.43758,1.75,1.12
2017.05.17 21:27:29.772,1.43709,1.43758,1.75,1.12
2017.05.17 21:27:30.031,1.43709,1.43758,1.75,1.12
2017.05.17 21:27:30.307,1.43709,1.43758,1.75,1.12
2017.05.17 21:27:30.570,1.43709,1.43758,1.75,1.12
2017.05.17 21:27:30.771,1.43709,1.43758,1.75,1.12
2017.05.17 21:27:31.071,1.43709,1.43758,1.75,1.12
2017.05.17 21:27:31.186,1.43709,1.43758,1.75,1.12
2017.05.17 21:27:31.450,1.43709,1.43757,1.75,1.12
2017.05.17 21:27:31.695,1.43709,1.43757,1.75,1.12
2017.05.17 21:27:31.946,1.43709,1.43757,1.75,1.12
2017.05.17 21:27:32.174,1.43709,1.43757,1.75,1.12
2017.05.17 21:27:32.427,1.43709,1.43757,1.75,1.12
2017.05.17 21:27:32.672,1.43709,1.43757,1.75,1.12
2017.05.17 21:27:32.923,1.43709,1.43757,1.75,1.12
2017.05.17 21:27:33.173,1.43709,1.43757,1.75,1.12
2017.05.17 21:27:33.446,1.43709,1.43757,1.75,1.12
2017.05.17 21:27:33.947,1.43709,1.43758,1.75,1.12
2017.05.17 21:27:34.173,1.43709,1.43758,1.75,1.12
2017.05.17 21:27:34.582,1.4371,1.43758,1.75,1.12
2017.05.17 21:27:34.831,1.4371,1.43758,1.75,1.12
2017.05.17 21:27:35.072,1.4371,1.43758,1.75,1.12
2017.05.17 21:27:35.368,1.4371,1.43758,1.75,1.12
2017.05.17 21:27:35.623,1.4371,1.43758,1.75,1.12
2017.05.17 21:27:35.824,1.4371,1.43758,1.75,1.12
2017.05.17 21:27:36.366,1.4371,1.43758,1.75,1.12
2017.05.17 21:27:36.587,1.4371,1.43758,1.75,1.12
2017.05.17 21:27:36.824,1.4371,1.43758,1.75,1.12
2017.05.17 21:27:37.619,1.4371,1.43758,1.75,1.12
2017.05.17 21:27:38.126,1.43711,1.4376,1.75,1.12
2017.05.17 21:27:38.723,1.43712,1.43761,1.50,1.12
2017.05.17 21:27:39.001,1.43712,1.43759,1.50,1.12
2017.05.17 21:27:40.235,1.43713,1.43759,1.50,1.12
