2012.09.28 16:00:00.133,1.25691,1.25712,2.25,4.50
2012.09.28 16:00:01.494,1.2569,1.25708,1.50,3.75
2012.09.28 16:00:01.598,1.25688,1.25705,1.50,1.50
2012.09.28 16:00:01.943,1.25684,1.257,3.00,1.39
2012.09.28 16:00:02.767,1.25682,1.257,1.50,2.14
2012.09.28 16:00:04.052,1.25681,1.25701,1.50,1.50
2012.09.28 16:00:04.304,1.25682,1.25704,2.25,1.13
2012.09.28 16:00:04.471,1.25685,1.25707,1.50,2.51
2012.09.28 16:00:05.010,1.25687,1.25707,1.50,1.39
2012.09.28 16:00:05.402,1.25687,1.25709,1.50,1.50
2012.09.28 16:00:05.495,1.25687,1.2571,2.25,1.13
2012.09.28 16:00:06.026,1.25691,1.25712,1.50,3.26
2012.09.28 16:00:06.120,1.2569,1.25712,1.13,1.76
2012.09.28 16:00:07.776,1.25689,1.2571,1.50,2.25
2012.09.28 16:00:08.134,1.25687,1.25704,1.50,1.50
2012.09.28 16:00:08.466,1.25687,1.25704,1.50,1.76
2012.09.28 16:00:08.558,1.25687,1.25706,1.50,1.88
2012.09.28 16:00:08.811,1.25688,1.25708,1.50,2.14
2012.09.28 16:00:08.907,1.25687,1.25708,1.50,2.89
2012.09.28 16:00:09.274,1.25685,1.25704,1.50,1.50
2012.09.28 16:00:09.782,1.25682,1.25703,1.13,2.25
2012.09.28 16:00:10.307,1.25685,1.25703,1.50,1.50
2012.09.28 16:00:10.871,1.2568,1.25699,1.13,1.50
2012.09.28 16:00:11.128,1.25682,1.25702,1.50,2.25
2012.09.28 16:00:11.870,1.25684,1.25704,1.50,2.25
2012.09.28 16:00:15.160,1.25689,1.25707,2.25,1.13
2012.09.28 16:00:16.002,1.25689,1.25708,3.00,1.13
2012.09.28 16:00:16.178,1.25692,1.25709,1.50,1.13
2012.09.28 16:00:16.520,1.25702,1.25714,1.50,1.50
2012.09.28 16:00:16.611,1.25695,1.25715,2.25,1.50
2012.09.28 16:00:16.709,1.25697,1.25714,1.50,1.13
2012.09.28 16:00:17.856,1.25695,1.25714,3.00,1.13
2012.09.28 16:00:17.963,1.25695,1.25717,2.25,1.13
2012.09.28 16:00:19.806,1.25702,1.25719,1.50,1.13
2012.09.28 16:00:20.615,1.25698,1.25719,1.50,1.13
2012.09.28 16:00:20.906,1.25698,1.25719,2.25,1.13
2012.09.28 16:00:23.795,1.25698,1.25718,3.00,2.89
2012.09.28 16:00:23.883,1.25699,1.25718,2.25,2.14
2012.09.28 16:00:24.855,1.25696,1.25718,3.00,2.14
2012.09.28 16:00:24.959,1.25698,1.25719,3.38,2.25
2012.09.28 16:00:25.289,1.25702,1.25723,1.50,2.63
2012.09.28 16:00:25.380,1.25701,1.2572,1.50,3.75
2012.09.28 16:00:25.710,1.25703,1.2572,1.50,3.75
2012.09.28 16:00:26.560,1.25701,1.2572,1.50,3.75
2012.09.28 16:00:26.756,1.25702,1.2572,1.50,3.75
2012.09.28 16:00:29.587,1.25704,1.25723,3.00,2.25
2012.09.28 16:00:29.687,1.25708,1.25729,2.89,4.50
2012.09.28 16:00:30.213,1.2571,1.25729,2.25,4.50
2012.09.28 16:00:31.021,1.25708,1.25727,2.25,1.50
2012.09.28 16:00:32.193,1.25707,1.25724,1.50,1.50
2012.09.28 16:00:32.526,1.25708,1.25724,2.25,1.50
2012.09.28 16:00:33.088,1.25711,1.25729,1.50,4.50
2012.09.28 16:00:33.642,1.25711,1.25724,1.50,1.50
2012.09.28 16:00:34.232,1.2571,1.25724,1.50,1.50
2012.09.28 16:00:34.931,1.25709,1.25724,1.50,1.50
2012.09.28 16:00:36.111,1.25709,1.25728,1.50,1.50
2012.09.28 16:00:36.370,1.25709,1.25727,1.50,1.50
2012.09.28 16:00:37.211,1.25707,1.25728,4.88,1.50
2012.09.28 16:00:37.538,1.25707,1.25727,4.13,1.50
2012.09.28 16:00:38.271,1.25707,1.25728,4.88,1.50
2012.09.28 16:00:38.611,1.25707,1.25726,2.25,1.50
2012.09.28 16:00:38.706,1.25707,1.25726,1.50,1.88
2012.09.28 16:00:38.810,1.25705,1.25722,1.88,1.13
2012.09.28 16:00:38.903,1.25704,1.25721,2.25,1.13
2012.09.28 16:00:39.075,1.257,1.25721,1.50,1.88
2012.09.28 16:00:39.174,1.25699,1.25721,2.25,2.63
2012.09.28 16:00:39.274,1.25699,1.25721,1.50,2.63
2012.09.28 16:00:39.361,1.25698,1.25721,1.50,2.63
2012.09.28 16:00:39.896,1.257,1.2572,1.50,1.50
2012.09.28 16:00:39.987,1.25708,1.25726,1.50,1.13
2012.09.28 16:00:40.312,1.25716,1.25727,1.50,1.50
2012.09.28 16:00:40.629,1.25716,1.25726,1.50,1.50
2012.09.28 16:00:41.323,1.25711,1.25728,1.50,1.50
2012.09.28 16:00:41.422,1.25715,1.25728,1.50,1.13
2012.09.28 16:00:41.912,1.25715,1.25731,1.50,1.13
2012.09.28 16:00:42.001,1.25718,1.25734,1.50,3.00
2012.09.28 16:00:42.093,1.25713,1.25734,1.50,2.25
2012.09.28 16:00:42.262,1.25717,1.25736,1.50,2.25
2012.09.28 16:00:42.591,1.25717,1.25734,1.50,1.50
2012.09.28 16:00:42.930,1.25714,1.25733,2.25,4.50
2012.09.28 16:00:44.152,1.25714,1.25733,2.25,1.50
2012.09.28 16:00:44.252,1.25714,1.25731,2.25,1.50
2012.09.28 16:00:44.592,1.25714,1.25733,2.25,1.50
2012.09.28 16:00:46.133,1.25714,1.25729,2.25,1.50
2012.09.28 16:00:46.817,1.25714,1.25733,2.25,1.50
2012.09.28 16:00:46.921,1.25714,1.25731,3.75,1.50
2012.09.28 16:00:47.250,1.25717,1.25733,1.50,1.50
2012.09.28 16:00:48.038,1.25713,1.25733,1.50,1.50
2012.09.28 16:00:51.680,1.25714,1.25734,3.00,1.50
2012.09.28 16:00:53.045,1.25715,1.25735,1.50,1.50
2012.09.28 16:00:53.143,1.25717,1.25737,2.25,1.50
2012.09.28 16:00:53.232,1.25718,1.25738,1.13,1.50
2012.09.28 16:00:53.477,1.25718,1.25738,1.88,1.50
2012.09.28 16:00:54.854,1.25722,1.25738,1.39,1.50
2012.09.28 16:00:55.759,1.25721,1.25738,2.14,1.50
2012.09.28 16:00:56.245,1.25722,1.25744,1.50,3.00
2012.09.28 16:00:56.345,1.25725,1.25744,1.50,1.50
2012.09.28 16:00:56.697,1.25733,1.25748,1.50,1.13
2012.09.28 16:00:57.274,1.25733,1.25744,1.50,1.50
2012.09.28 16:00:57.793,1.25731,1.25748,1.50,1.50
2012.09.28 16:00:58.024,1.25731,1.2575,1.50,1.50
2012.09.28 16:00:58.194,1.2573,1.25753,2.14,2.63
2012.09.28 16:00:58.389,1.2573,1.25752,1.13,1.50
2012.09.28 16:00:58.492,1.25732,1.25753,1.13,2.25
2012.09.28 16:00:59.403,1.25729,1.25747,2.25,1.50
2012.09.28 16:00:59.525,1.25729,1.2575,1.13,1.50
2012.09.28 16:01:00.039,1.25731,1.25751,1.50,2.25
2012.09.28 16:01:00.618,1.25731,1.25752,1.50,1.50
2012.09.28 16:01:01.189,1.25731,1.25752,1.50,1.50
2012.09.28 16:01:01.747,1.2573,1.25752,1.13,1.50
2012.09.28 16:01:02.243,1.25729,1.25752,1.50,2.25
2012.09.28 16:01:02.411,1.25727,1.2575,1.50,1.13
2012.09.28 16:01:02.514,1.25725,1.25746,1.13,1.50
2012.09.28 16:01:03.288,1.25724,1.25743,1.88,3.00
2012.09.28 16:01:03.469,1.2572,1.25743,1.50,3.00
2012.09.28 16:01:03.869,1.25721,1.25739,1.50,1.50
2012.09.28 16:01:04.284,1.25719,1.25738,1.50,1.13
2012.09.28 16:01:04.779,1.25719,1.2574,2.25,1.50
2012.09.28 16:01:05.111,1.25719,1.25739,1.50,1.50
2012.09.28 16:01:05.448,1.25723,1.25738,1.50,1.13
2012.09.28 16:01:05.632,1.25723,1.25738,1.50,1.13
2012.09.28 16:01:06.631,1.25723,1.25738,1.50,1.13
2012.09.28 16:01:06.722,1.25718,1.25736,1.50,1.50
2012.09.28 16:01:07.429,1.25715,1.25736,3.75,1.13
2012.09.28 16:01:07.542,1.25716,1.25739,2.25,2.25
2012.09.28 16:01:07.812,1.25718,1.2574,2.63,1.50
2012.09.28 16:01:08.373,1.25719,1.25742,1.50,2.89
2012.09.28 16:01:11.039,1.25718,1.2574,2.63,1.50
2012.09.28 16:01:11.378,1.25715,1.25739,3.38,3.00
2012.09.28 16:01:12.305,1.25715,1.25737,2.25,3.75
2012.09.28 16:01:12.637,1.25715,1.25737,2.25,3.75
2012.09.28 16:01:12.731,1.25715,1.25733,1.50,1.50
2012.09.28 16:01:13.359,1.25715,1.25733,1.50,4.50
2012.09.28 16:01:13.758,1.25715,1.25733,1.50,1.88
2012.09.28 16:01:14.663,1.25708,1.25729,2.25,1.50
2012.09.28 16:01:15.196,1.25708,1.25728,3.00,1.50
2012.09.28 16:01:15.762,1.25711,1.25732,1.50,1.50
2012.09.28 16:01:15.939,1.25711,1.25733,1.50,1.88
2012.09.28 16:01:16.896,1.25712,1.25734,1.50,2.63
2012.09.28 16:01:17.471,1.25712,1.25734,1.50,1.50
2012.09.28 16:01:17.735,1.25712,1.25732,2.25,1.13
2012.09.28 16:01:18.302,1.25709,1.25729,1.13,2.25
2012.09.28 16:01:18.458,1.25709,1.25729,1.13,2.25
2012.09.28 16:01:18.809,1.25711,1.25732,2.25,1.50
2012.09.28 16:01:19.060,1.25716,1.25735,1.50,2.14
2012.09.28 16:01:19.391,1.25718,1.25733,1.50,1.50
2012.09.28 16:01:20.799,1.25717,1.25739,1.13,3.00
2012.09.28 16:01:20.904,1.25724,1.25742,1.50,2.89
2012.09.28 16:01:21.084,1.2572,1.25742,2.25,2.89
2012.09.28 16:01:21.602,1.2572,1.25742,3.00,2.14
2012.09.28 16:01:22.167,1.2572,1.25742,2.25,3.64
2012.09.28 16:01:23.000,1.25717,1.25739,1.13,1.50
2012.09.28 16:01:23.184,1.2572,1.2574,1.50,1.88
2012.09.28 16:01:23.296,1.2572,1.2574,2.25,1.13
2012.09.28 16:01:23.397,1.2572,1.2574,1.50,1.50
2012.09.28 16:01:23.498,1.2572,1.25741,2.25,2.51
2012.09.28 16:01:23.847,1.25725,1.25743,1.50,3.00
2012.09.28 16:01:25.326,1.25721,1.25741,3.75,1.76
2012.09.28 16:01:25.457,1.25719,1.25741,2.25,2.51
2012.09.28 16:01:26.171,1.25719,1.25742,2.25,2.25
2012.09.28 16:01:26.266,1.25719,1.25742,2.25,2.25
2012.09.28 16:01:26.366,1.25723,1.25742,1.50,2.25
2012.09.28 16:01:26.469,1.25724,1.25742,1.50,1.88
2012.09.28 16:01:26.727,1.25726,1.25742,1.50,2.25
2012.09.28 16:01:26.990,1.25724,1.25742,2.89,1.50
2012.09.28 16:01:27.498,1.25726,1.25741,1.50,1.50
2012.09.28 16:01:27.597,1.25727,1.25745,2.25,1.88
2012.09.28 16:01:28.902,1.25724,1.25747,1.50,2.25
2012.09.28 16:01:29.174,1.25724,1.25747,1.50,1.50
2012.09.28 16:01:29.270,1.25724,1.25747,1.50,2.25
2012.09.28 16:01:29.642,1.2573,1.25747,1.50,1.50
2012.09.28 16:01:29.737,1.25729,1.25747,1.13,1.50
2012.09.28 16:01:29.837,1.25729,1.25747,1.13,2.25
2012.09.28 16:01:29.937,1.25729,1.25747,1.88,1.50
2012.09.28 16:01:30.351,1.25731,1.25751,2.25,2.25
2012.09.28 16:01:31.578,1.25732,1.2575,1.50,1.50
2012.09.28 16:01:31.830,1.25731,1.25754,1.50,1.88
2012.09.28 16:01:32.440,1.25736,1.25754,1.13,1.88
2012.09.28 16:01:34.241,1.25731,1.25747,2.25,1.13
2012.09.28 16:01:34.355,1.25727,1.25745,1.13,1.13
2012.09.28 16:01:34.707,1.25724,1.25741,1.13,1.50
2012.09.28 16:01:34.802,1.25724,1.25741,1.13,1.50
2012.09.28 16:01:34.903,1.25719,1.2574,2.25,2.25
2012.09.28 16:01:35.087,1.25722,1.2574,1.50,1.50
2012.09.28 16:01:35.185,1.25722,1.25743,2.25,1.50
2012.09.28 16:01:35.282,1.25721,1.25742,1.88,1.50
2012.09.28 16:01:35.795,1.25721,1.25738,1.88,1.50
2012.09.28 16:01:35.901,1.25721,1.25738,1.88,1.50
2012.09.28 16:01:36.076,1.25721,1.25732,1.88,1.50
2012.09.28 16:01:36.581,1.2572,1.25731,1.13,1.50
2012.09.28 16:01:37.434,1.25718,1.25731,1.50,1.50
2012.09.28 16:01:37.565,1.25718,1.25737,1.50,1.13
2012.09.28 16:01:38.378,1.25718,1.25739,1.50,3.38
2012.09.28 16:01:38.943,1.25718,1.25739,1.50,3.38
2012.09.28 16:01:39.277,1.25718,1.25739,2.48,3.38
2012.09.28 16:01:39.609,1.25718,1.25735,2.48,1.50
2012.09.28 16:01:39.947,1.25725,1.25741,1.50,1.13
2012.09.28 16:01:40.130,1.25725,1.25743,1.50,1.50
2012.09.28 16:01:40.308,1.25728,1.25747,1.50,1.50
2012.09.28 16:01:40.802,1.25728,1.25749,2.25,2.25
2012.09.28 16:01:41.773,1.25728,1.25749,2.25,2.25
2012.09.28 16:01:41.877,1.25728,1.25749,2.25,2.25
2012.09.28 16:01:42.927,1.25728,1.25744,1.50,1.50
2012.09.28 16:01:43.555,1.25724,1.25742,1.50,1.50
2012.09.28 16:01:44.169,1.25723,1.25742,1.50,1.50
2012.09.28 16:01:44.829,1.25722,1.25745,3.75,1.50
2012.09.28 16:01:45.097,1.25725,1.25745,1.50,2.25
2012.09.28 16:01:46.203,1.25722,1.25745,2.25,2.25
2012.09.28 16:01:46.679,1.25722,1.25739,1.50,1.13
2012.09.28 16:01:46.770,1.25719,1.25739,1.13,1.13
2012.09.28 16:01:47.037,1.25718,1.25737,1.50,1.50
2012.09.28 16:01:47.549,1.2572,1.25737,1.39,1.50
2012.09.28 16:01:48.153,1.25717,1.25737,3.00,1.50
2012.09.28 16:01:48.809,1.25719,1.25737,1.50,1.50
2012.09.28 16:01:49.335,1.25717,1.25737,3.00,1.50
2012.09.28 16:01:49.437,1.25721,1.25737,1.50,1.50
2012.09.28 16:01:49.677,1.25721,1.25741,1.50,1.50
2012.09.28 16:01:51.143,1.25722,1.25744,2.25,3.38
2012.09.28 16:01:51.608,1.25722,1.25744,3.00,2.25
2012.09.28 16:01:52.225,1.2572,1.25743,2.25,1.13
2012.09.28 16:01:52.321,1.25719,1.2574,1.50,2.63
2012.09.28 16:01:52.411,1.25722,1.2574,1.50,2.25
2012.09.28 16:01:52.745,1.25724,1.25742,2.25,1.88
2012.09.28 16:01:52.842,1.25724,1.25745,2.25,2.25
2012.09.28 16:01:53.014,1.25724,1.25745,2.25,1.50
2012.09.28 16:01:53.725,1.25721,1.25744,3.00,1.13
2012.09.28 16:01:54.266,1.25722,1.25742,1.50,1.50
2012.09.28 16:01:54.925,1.25722,1.25742,1.50,1.88
2012.09.28 16:01:55.267,1.25725,1.25742,1.50,1.50
2012.09.28 16:01:55.364,1.25725,1.25745,1.50,1.88
2012.09.28 16:01:55.880,1.25727,1.25749,2.25,1.88
2012.09.28 16:01:56.865,1.25728,1.25749,1.39,1.88
2012.09.28 16:01:57.050,1.2573,1.25749,1.50,1.50
2012.09.28 16:01:57.368,1.2573,1.25752,1.50,2.25
2012.09.28 16:01:59.585,1.25733,1.25752,1.50,1.50
2012.09.28 16:01:59.705,1.25735,1.25754,2.63,1.50
2012.09.28 16:01:59.811,1.25742,1.2576,1.13,2.25
2012.09.28 16:01:59.907,1.25746,1.25761,1.13,1.50
2012.09.28 16:02:00.248,1.25748,1.25765,1.39,2.25
2012.09.28 16:02:00.342,1.25748,1.25765,1.39,1.50
2012.09.28 16:02:00.434,1.2575,1.25765,1.50,1.50
2012.09.28 16:02:00.708,1.25748,1.25765,2.14,1.50
2012.09.28 16:02:00.804,1.25747,1.25765,2.25,1.50
2012.09.28 16:02:00.895,1.25747,1.25761,1.50,1.13
2012.09.28 16:02:01.234,1.25747,1.25753,1.88,1.50
2012.09.28 16:02:01.427,1.25733,1.25753,2.48,3.00
2012.09.28 16:02:01.604,1.2573,1.25753,1.50,3.00
2012.09.28 16:02:02.826,1.2573,1.25753,1.50,4.50
2012.09.28 16:02:03.673,1.25732,1.25752,1.50,1.13
2012.09.28 16:02:04.433,1.25735,1.25754,1.50,1.50
2012.09.28 16:02:05.010,1.25735,1.25757,2.25,1.13
2012.09.28 16:02:05.188,1.25732,1.25755,1.50,1.50
2012.09.28 16:02:05.759,1.25728,1.25753,4.13,3.75
2012.09.28 16:02:07.422,1.25727,1.25749,2.25,1.50
2012.09.28 16:02:08.610,1.25731,1.25753,2.25,2.25
2012.09.28 16:02:08.784,1.25731,1.25753,2.25,4.01
2012.09.28 16:02:08.966,1.25727,1.2575,1.50,2.25
2012.09.28 16:02:09.063,1.25727,1.25748,1.50,1.50
2012.09.28 16:02:10.225,1.25727,1.25748,3.38,1.50
2012.09.28 16:02:10.890,1.25727,1.25748,2.25,1.50
2012.09.28 16:02:11.496,1.25727,1.25748,3.75,1.50
2012.09.28 16:02:11.658,1.25727,1.25747,3.00,1.50
2012.09.28 16:02:11.909,1.25727,1.25748,3.00,1.50
2012.09.28 16:02:12.484,1.25725,1.25748,4.50,2.25
2012.09.28 16:02:12.752,1.25725,1.25747,3.75,1.50
2012.09.28 16:02:13.171,1.2573,1.25748,1.50,2.25
2012.09.28 16:02:13.258,1.25727,1.25748,2.25,2.25
2012.09.28 16:02:14.131,1.25731,1.25748,1.50,2.25
2012.09.28 16:02:15.197,1.25738,1.25752,2.25,1.13
2012.09.28 16:02:15.302,1.25736,1.25757,1.50,1.50
2012.09.28 16:02:15.395,1.25736,1.25758,1.50,3.75
2012.09.28 16:02:15.970,1.25741,1.25762,1.50,2.25
2012.09.28 16:02:17.006,1.2574,1.2576,1.50,1.50
2012.09.28 16:02:17.422,1.25737,1.2576,2.63,1.50
2012.09.28 16:02:17.969,1.25737,1.2576,2.25,2.25
2012.09.28 16:02:18.229,1.25741,1.2576,1.50,2.25
2012.09.28 16:02:18.740,1.25742,1.2576,1.50,2.25
2012.09.28 16:02:19.517,1.2574,1.2576,1.50,3.00
2012.09.28 16:02:19.625,1.25745,1.25766,3.00,2.14
2012.09.28 16:02:20.539,1.25745,1.25764,1.50,1.50
2012.09.28 16:02:21.100,1.25747,1.25766,1.50,1.39
2012.09.28 16:02:21.799,1.25747,1.25764,1.50,1.50
2012.09.28 16:02:22.121,1.25747,1.25764,1.50,1.50
2012.09.28 16:02:22.373,1.25736,1.25756,1.50,1.50
2012.09.28 16:02:23.402,1.25736,1.25757,2.25,2.63
2012.09.28 16:02:24.259,1.25736,1.25757,2.25,2.51
2012.09.28 16:02:24.590,1.25739,1.25757,1.50,2.51
2012.09.28 16:02:25.684,1.25744,1.25757,2.25,1.88
2012.09.28 16:02:25.771,1.25747,1.25763,1.50,1.50
2012.09.28 16:02:26.267,1.25747,1.25768,2.25,1.50
2012.09.28 16:02:26.363,1.25743,1.25763,2.25,1.39
2012.09.28 16:02:26.538,1.25738,1.2576,1.50,1.50
2012.09.28 16:02:26.632,1.25737,1.2576,2.25,1.50
2012.09.28 16:02:26.721,1.25737,1.25757,2.25,1.39
2012.09.28 16:02:27.327,1.25741,1.25757,1.50,1.39
2012.09.28 16:02:27.892,1.25737,1.25757,3.00,1.39
2012.09.28 16:02:29.434,1.25737,1.25759,3.00,1.88
2012.09.28 16:02:29.850,1.25737,1.25759,2.25,1.88
2012.09.28 16:02:32.124,1.25737,1.25759,2.25,1.13
2012.09.28 16:02:32.205,1.25737,1.25759,2.25,1.88
2012.09.28 16:02:32.358,1.25737,1.25759,2.63,1.88
2012.09.28 16:02:32.701,1.25739,1.2576,1.13,1.50
2012.09.28 16:02:33.032,1.25737,1.25759,2.63,2.63
2012.09.28 16:02:33.119,1.25737,1.25758,1.50,1.50
2012.09.28 16:02:33.453,1.25737,1.25758,3.00,1.76
2012.09.28 16:02:34.684,1.25741,1.25757,1.50,1.39
2012.09.28 16:02:35.579,1.25741,1.2576,1.50,2.89
2012.09.28 16:02:37.774,1.25744,1.25763,1.50,1.50
2012.09.28 16:02:38.341,1.25744,1.25764,1.50,1.50
2012.09.28 16:02:38.441,1.25744,1.25763,1.50,1.50
2012.09.28 16:02:38.774,1.25739,1.25763,1.88,2.25
2012.09.28 16:02:39.586,1.2574,1.25763,1.50,4.50
2012.09.28 16:02:39.711,1.25733,1.25756,2.63,2.25
2012.09.28 16:02:41.401,1.25766,1.25806,1.50,1.88
2012.09.28 16:02:41.587,1.25763,1.25797,1.50,1.13
2012.09.28 16:02:41.688,1.25764,1.2579,1.50,1.13
2012.09.28 16:02:41.782,1.25761,1.25788,1.50,1.50
2012.09.28 16:02:41.950,1.25759,1.25786,1.13,1.39
2012.09.28 16:02:42.040,1.25755,1.25785,1.13,1.39
2012.09.28 16:02:42.207,1.25758,1.25785,1.13,2.14
2012.09.28 16:02:42.398,1.25764,1.25768,1.50,1.50
2012.09.28 16:02:42.830,1.25759,1.25764,1.73,1.50
2012.09.28 16:02:42.926,1.2575,1.25764,2.48,1.50
2012.09.28 16:02:43.027,1.25764,1.25769,1.20,1.39
2012.09.28 16:02:43.940,1.25759,1.25764,1.13,1.50
2012.09.28 16:02:44.183,1.25747,1.25764,1.88,1.50
2012.09.28 16:02:44.407,1.25747,1.25768,1.88,2.25
2012.09.28 16:02:45.300,1.25747,1.25768,1.88,2.89
2012.09.28 16:02:46.893,1.25746,1.25768,1.50,3.64
2012.09.28 16:02:47.064,1.25746,1.25763,1.50,1.50
2012.09.28 16:02:47.419,1.2574,1.25763,1.13,2.25
2012.09.28 16:02:47.518,1.2574,1.25761,1.13,1.39
2012.09.28 16:02:48.358,1.25741,1.25761,1.50,2.25
2012.09.28 16:02:49.275,1.25738,1.25761,1.50,3.00
2012.09.28 16:02:49.380,1.25737,1.25761,1.13,3.75
2012.09.28 16:02:49.481,1.25739,1.25756,1.50,1.39
2012.09.28 16:02:49.839,1.25734,1.25752,3.75,1.50
2012.09.28 16:02:50.331,1.25734,1.25755,3.75,2.25
2012.09.28 16:02:50.856,1.25734,1.25753,3.75,1.39
2012.09.28 16:02:52.126,1.25734,1.25754,3.75,3.00
2012.09.28 16:02:52.481,1.25742,1.25762,2.25,1.39
2012.09.28 16:02:52.708,1.25741,1.25764,1.50,1.39
2012.09.28 16:02:52.814,1.25739,1.2576,1.13,1.39
2012.09.28 16:02:52.898,1.25736,1.2576,3.00,1.39
2012.09.28 16:02:53.152,1.25736,1.25751,1.13,1.50
2012.09.28 16:02:53.252,1.25734,1.25748,1.50,1.88
2012.09.28 16:02:53.430,1.25729,1.25748,1.50,1.13
2012.09.28 16:02:53.530,1.25726,1.25747,1.50,1.50
2012.09.28 16:02:53.713,1.25724,1.25748,2.25,2.63
2012.09.28 16:02:53.804,1.25724,1.25747,2.25,1.39
2012.09.28 16:02:54.211,1.25721,1.25746,1.50,2.25
2012.09.28 16:02:54.388,1.2572,1.25743,1.50,1.13
2012.09.28 16:02:54.967,1.25719,1.25742,1.50,2.25
2012.09.28 16:02:56.100,1.25717,1.25739,1.13,2.25
2012.09.28 16:02:56.430,1.25717,1.25739,1.13,1.50
2012.09.28 16:02:56.687,1.25714,1.25732,1.13,1.50
2012.09.28 16:02:56.862,1.25714,1.25732,1.88,1.50
2012.09.28 16:02:57.435,1.25714,1.25732,1.13,1.50
2012.09.28 16:02:57.535,1.25714,1.25732,1.13,1.50
2012.09.28 16:02:57.626,1.25714,1.25736,1.88,1.88
2012.09.28 16:02:57.965,1.25714,1.25733,2.63,1.50
2012.09.28 16:02:58.218,1.25714,1.25735,1.88,1.50
2012.09.28 16:02:58.318,1.25713,1.25735,1.13,2.25
2012.09.28 16:02:58.419,1.25719,1.25737,1.88,1.39
2012.09.28 16:02:58.518,1.25719,1.25739,1.13,3.00
2012.09.28 16:02:58.705,1.25715,1.25739,1.50,2.25
2012.09.28 16:02:59.843,1.25717,1.25739,1.50,1.13
2012.09.28 16:02:59.946,1.25717,1.25738,1.50,1.50
2012.09.28 16:03:00.044,1.25712,1.25736,1.13,1.88
2012.09.28 16:03:00.566,1.25712,1.25736,1.50,1.88
2012.09.28 16:03:01.432,1.2571,1.25728,3.00,1.13
2012.09.28 16:03:01.609,1.2571,1.25728,2.25,1.13
2012.09.28 16:03:01.787,1.2571,1.25734,1.50,2.25
2012.09.28 16:03:01.890,1.25711,1.2573,1.88,1.50
2012.09.28 16:03:01.986,1.25715,1.25737,1.50,1.39
2012.09.28 16:03:02.162,1.25715,1.25738,1.50,1.88
2012.09.28 16:03:02.480,1.25715,1.25738,2.25,1.13
2012.09.28 16:03:02.954,1.25715,1.25738,2.25,1.13
2012.09.28 16:03:03.211,1.25715,1.25738,2.25,1.88
2012.09.28 16:03:04.122,1.25716,1.25739,2.25,1.13
2012.09.28 16:03:04.222,1.25719,1.2574,1.50,2.25
2012.09.28 16:03:04.317,1.25718,1.2574,1.50,3.00
2012.09.28 16:03:04.503,1.25718,1.25738,1.50,1.50
2012.09.28 16:03:04.605,1.25719,1.2574,1.50,2.89
2012.09.28 16:03:04.704,1.25717,1.2574,1.88,2.89
2012.09.28 16:03:04.885,1.25723,1.2574,1.50,1.39
2012.09.28 16:03:05.072,1.25723,1.25742,1.50,1.50
2012.09.28 16:03:05.395,1.25719,1.25742,2.25,1.50
2012.09.28 16:03:06.045,1.25719,1.25743,2.25,1.13
2012.09.28 16:03:06.151,1.25719,1.25745,3.00,3.75
2012.09.28 16:03:06.248,1.2572,1.25744,1.50,1.50
2012.09.28 16:03:06.351,1.25722,1.25745,1.13,2.25
2012.09.28 16:03:06.453,1.25721,1.25744,2.25,1.13
2012.09.28 16:03:06.629,1.25721,1.25745,2.25,1.88
2012.09.28 16:03:08.078,1.25724,1.25747,2.25,1.88
2012.09.28 16:03:08.411,1.25724,1.25747,1.50,1.88
2012.09.28 16:03:08.966,1.25724,1.25745,1.50,1.13
2012.09.28 16:03:09.230,1.25724,1.25747,1.50,1.13
2012.09.28 16:03:09.408,1.25724,1.25747,1.50,1.88
2012.09.28 16:03:09.917,1.25719,1.25742,2.25,1.13
2012.09.28 16:03:10.013,1.25717,1.2574,2.25,1.88
2012.09.28 16:03:10.105,1.25716,1.25739,1.50,1.88
2012.09.28 16:03:10.204,1.25713,1.25738,1.50,2.25
2012.09.28 16:03:10.757,1.25712,1.25738,2.25,2.25
2012.09.28 16:03:11.618,1.25711,1.25733,1.50,1.50
2012.09.28 16:03:13.131,1.25711,1.25733,3.64,1.50
2012.09.28 16:03:13.227,1.25713,1.25738,1.50,1.50
2012.09.28 16:03:13.777,1.25715,1.2574,2.25,1.13
2012.09.28 16:03:13.964,1.25715,1.25739,1.50,1.13
2012.09.28 16:03:14.136,1.25717,1.2574,1.50,1.13
2012.09.28 16:03:14.477,1.25721,1.25738,1.50,1.50
2012.09.28 16:03:14.819,1.25722,1.25742,2.14,1.50
2012.09.28 16:03:14.918,1.25722,1.25742,2.89,1.50
2012.09.28 16:03:15.791,1.25722,1.25738,2.63,1.50
2012.09.28 16:03:15.882,1.25722,1.25741,2.63,1.50
2012.09.28 16:03:17.498,1.25728,1.25741,1.50,1.50
2012.09.28 16:03:17.592,1.25729,1.25745,2.14,2.25
2012.09.28 16:03:17.763,1.25729,1.2575,2.14,1.50
2012.09.28 16:03:19.462,1.25729,1.2575,2.14,1.50
2012.09.28 16:03:20.333,1.25728,1.2575,2.14,2.25
2012.09.28 16:03:20.431,1.25728,1.25748,2.14,1.50
2012.09.28 16:03:20.617,1.25728,1.25748,1.39,1.50
2012.09.28 16:03:21.127,1.25726,1.25748,1.13,1.50
2012.09.28 16:03:21.227,1.25726,1.25748,1.13,2.25
2012.09.28 16:03:21.478,1.25726,1.25748,1.13,2.25
2012.09.28 16:03:21.881,1.25726,1.25746,1.13,1.50
2012.09.28 16:03:22.215,1.25728,1.2575,2.14,1.50
2012.09.28 16:03:22.782,1.25733,1.25752,1.39,2.25
2012.09.28 16:03:23.170,1.25737,1.25758,1.50,1.88
2012.09.28 16:03:23.836,1.25739,1.25755,1.50,1.50
2012.09.28 16:03:23.934,1.25739,1.25758,1.50,1.88
2012.09.28 16:03:24.026,1.25743,1.25758,1.50,1.88
2012.09.28 16:03:24.713,1.25743,1.25758,1.50,1.88
2012.09.28 16:03:24.813,1.25736,1.25758,2.25,2.63
2012.09.28 16:03:25.348,1.25734,1.25757,1.39,1.50
2012.09.28 16:03:27.604,1.25737,1.25757,1.39,1.50
2012.09.28 16:03:28.536,1.25735,1.25757,1.50,1.50
2012.09.28 16:03:32.210,1.25733,1.25757,2.89,1.50
2012.09.28 16:03:32.777,1.25735,1.25757,1.50,1.50
2012.09.28 16:03:33.279,1.25733,1.25757,3.26,1.50
2012.09.28 16:03:33.946,1.25733,1.25757,2.63,1.50
2012.09.28 16:03:34.035,1.25734,1.25757,1.13,1.50
2012.09.28 16:03:37.403,1.25733,1.25757,3.75,1.88
2012.09.28 16:03:37.500,1.25732,1.25754,1.50,3.75
2012.09.28 16:03:37.914,1.25737,1.25757,1.13,2.25
2012.09.28 16:03:38.553,1.25737,1.25761,3.00,3.00
2012.09.28 16:03:38.878,1.25737,1.25761,3.00,1.50
2012.09.28 16:03:39.426,1.25741,1.25761,1.13,1.50
2012.09.28 16:03:40.966,1.25741,1.25755,1.13,1.50
2012.09.28 16:03:41.451,1.2574,1.25755,1.50,1.50
2012.09.28 16:03:43.251,1.25732,1.25749,1.13,1.50
2012.09.28 16:03:43.449,1.25729,1.25749,1.13,2.63
2012.09.28 16:03:43.549,1.25728,1.25747,2.63,1.39
2012.09.28 16:03:44.113,1.25723,1.25745,1.50,3.00
2012.09.28 16:03:44.201,1.25724,1.25745,2.25,1.50
2012.09.28 16:03:44.369,1.25724,1.25745,1.50,1.50
2012.09.28 16:03:44.704,1.25724,1.25745,2.25,1.50
2012.09.28 16:03:44.949,1.25725,1.25749,1.13,3.64
2012.09.28 16:03:45.044,1.25725,1.25739,1.13,1.50
2012.09.28 16:03:47.748,1.25725,1.25742,1.13,1.50
2012.09.28 16:03:49.888,1.25722,1.25742,1.50,1.50
2012.09.28 16:03:49.988,1.25725,1.25739,1.13,1.50
2012.09.28 16:03:51.208,1.25723,1.25743,1.88,1.50
2012.09.28 16:03:51.396,1.25723,1.25746,2.25,1.50
2012.09.28 16:03:53.278,1.25724,1.25746,1.13,1.50
2012.09.28 16:03:53.457,1.25724,1.25746,1.88,1.50
2012.09.28 16:03:53.981,1.25724,1.25746,1.88,2.25
2012.09.28 16:03:54.290,1.25726,1.25746,1.13,2.89
2012.09.28 16:03:54.656,1.25745,1.25761,1.50,1.65
2012.09.28 16:03:54.838,1.25746,1.25762,1.88,1.50
2012.09.28 16:03:55.031,1.25742,1.25763,1.88,2.25
2012.09.28 16:03:55.378,1.2574,1.25762,2.63,3.00
2012.09.28 16:03:55.478,1.2574,1.25762,1.88,3.00
2012.09.28 16:03:55.797,1.2574,1.25759,1.88,1.39
2012.09.28 16:03:58.336,1.25742,1.25759,1.13,1.39
2012.09.28 16:03:58.673,1.25743,1.25759,1.13,1.39
2012.09.28 16:03:58.997,1.25742,1.25759,1.13,1.39
2012.09.28 16:03:59.517,1.2574,1.25762,2.63,2.89
2012.09.28 16:04:00.522,1.25742,1.25762,1.13,3.64
2012.09.28 16:04:00.688,1.25742,1.25759,1.13,1.39
2012.09.28 16:04:02.229,1.25743,1.25759,1.13,1.39
2012.09.28 16:04:02.319,1.25741,1.25759,1.50,1.39
2012.09.28 16:04:03.784,1.25741,1.2576,1.13,1.39
2012.09.28 16:04:04.573,1.25741,1.25757,1.50,1.39
2012.09.28 16:04:04.980,1.25738,1.25757,1.88,1.39
2012.09.28 16:04:05.074,1.25741,1.25758,1.13,1.50
2012.09.28 16:04:06.604,1.25739,1.2576,1.13,1.39
2012.09.28 16:04:09.101,1.25741,1.2576,1.50,1.39
2012.09.28 16:04:09.416,1.25743,1.2576,1.13,1.39
2012.09.28 16:04:09.586,1.25741,1.2576,1.13,1.39
2012.09.28 16:04:09.928,1.25743,1.2576,1.13,1.39
2012.09.28 16:04:10.554,1.25743,1.2576,1.13,1.39
2012.09.28 16:04:10.896,1.25741,1.2576,1.13,1.39
2012.09.28 16:04:10.992,1.25741,1.25762,1.13,1.50
2012.09.28 16:04:11.085,1.25744,1.25764,1.13,1.50
2012.09.28 16:04:12.114,1.25747,1.25765,1.13,1.50
2012.09.28 16:04:12.441,1.25747,1.25765,1.13,1.50
2012.09.28 16:04:12.962,1.25747,1.25768,1.13,2.25
2012.09.28 16:04:16.963,1.25747,1.25768,1.88,1.39
2012.09.28 16:04:17.215,1.25746,1.25759,1.13,1.50
2012.09.28 16:04:17.379,1.25747,1.25764,1.13,1.39
2012.09.28 16:04:17.550,1.25741,1.25762,1.50,2.25
2012.09.28 16:04:17.644,1.2574,1.25758,1.50,1.39
2012.09.28 16:04:18.131,1.25741,1.25762,1.13,2.25
2012.09.28 16:04:18.751,1.25742,1.25762,1.13,2.89
2012.09.28 16:04:18.922,1.25741,1.25762,2.25,2.89
2012.09.28 16:04:19.405,1.25742,1.25759,2.25,1.50
2012.09.28 16:04:24.942,1.2574,1.25761,2.25,1.39
2012.09.28 16:04:25.479,1.25742,1.25762,1.50,1.76
2012.09.28 16:04:28.204,1.25742,1.25763,1.50,1.39
2012.09.28 16:04:29.197,1.2574,1.25763,2.25,1.39
2012.09.28 16:04:30.884,1.2574,1.25762,2.25,1.39
2012.09.28 16:04:32.070,1.25737,1.25757,1.50,1.50
2012.09.28 16:04:32.404,1.25735,1.25756,1.13,1.39
2012.09.28 16:04:33.696,1.25735,1.25753,1.13,1.39
2012.09.28 16:04:42.329,1.25735,1.2575,1.13,1.39
2012.09.28 16:04:42.578,1.25729,1.2575,4.13,1.39
2012.09.28 16:04:43.657,1.25729,1.25752,3.38,2.25
2012.09.28 16:04:43.893,1.25736,1.25754,1.50,2.51
2012.09.28 16:04:44.709,1.25742,1.25756,1.13,1.39
2012.09.28 16:04:44.800,1.25742,1.25759,2.25,1.50
2012.09.28 16:04:44.897,1.25743,1.25761,1.50,1.39
2012.09.28 16:04:44.991,1.25746,1.25761,1.50,1.39
2012.09.28 16:04:45.505,1.25746,1.25762,1.50,1.88
2012.09.28 16:04:45.844,1.25741,1.25762,1.50,1.88
2012.09.28 16:04:47.021,1.25734,1.25757,2.25,1.39
2012.09.28 16:04:48.325,1.25737,1.25758,2.25,2.14
2012.09.28 16:04:50.118,1.25737,1.25758,2.25,1.50
2012.09.28 16:04:50.783,1.25733,1.25757,2.25,2.25
2012.09.28 16:04:51.203,1.25733,1.25755,1.50,1.50
2012.09.28 16:04:51.551,1.2573,1.25754,2.63,2.25
2012.09.28 16:04:52.396,1.25731,1.25754,1.50,2.25
2012.09.28 16:04:52.513,1.25731,1.25754,1.50,2.25
2012.09.28 16:04:53.068,1.2573,1.25754,2.25,2.25
2012.09.28 16:04:53.636,1.2573,1.25754,1.50,3.00
2012.09.28 16:04:53.724,1.25733,1.25755,2.25,2.25
2012.09.28 16:04:53.806,1.25733,1.25755,1.50,2.25
2012.09.28 16:04:53.981,1.25733,1.25755,1.50,1.50
2012.09.28 16:04:54.442,1.25733,1.25754,1.50,2.18
2012.09.28 16:04:54.613,1.25723,1.25743,1.50,1.50
2012.09.28 16:04:54.784,1.25723,1.25747,1.50,2.63
2012.09.28 16:04:54.869,1.25723,1.25747,1.50,1.88
2012.09.28 16:04:54.962,1.25725,1.25748,1.50,1.88
2012.09.28 16:04:55.658,1.25724,1.25749,3.75,3.00
2012.09.28 16:04:56.091,1.25724,1.25748,3.75,1.50
2012.09.28 16:04:56.448,1.25724,1.25748,3.00,3.00
2012.09.28 16:04:56.539,1.25724,1.25746,3.00,1.13
2012.09.28 16:04:57.372,1.25725,1.25749,2.14,1.88
2012.09.28 16:04:57.700,1.25726,1.25747,1.13,1.13
2012.09.28 16:04:57.794,1.25726,1.25749,1.13,2.25
2012.09.28 16:04:58.056,1.25724,1.25746,2.25,2.63
2012.09.28 16:04:58.469,1.25724,1.25746,2.25,2.63
2012.09.28 16:05:00.268,1.25727,1.25749,1.13,1.50
2012.09.28 16:05:00.364,1.25725,1.25747,1.50,1.13
2012.09.28 16:05:00.693,1.25725,1.25746,1.50,2.25
2012.09.28 16:05:01.010,1.25723,1.25744,2.14,1.13
2012.09.28 16:05:01.246,1.25723,1.25741,2.14,1.50
2012.09.28 16:05:01.586,1.25724,1.25745,1.50,1.13
2012.09.28 16:05:02.422,1.25726,1.25747,2.25,1.50
2012.09.28 16:05:02.546,1.25728,1.25749,1.50,2.25
2012.09.28 16:05:02.644,1.25728,1.25749,1.50,1.88
2012.09.28 16:05:02.988,1.25729,1.25749,2.14,1.88
2012.09.28 16:05:03.396,1.2573,1.25752,1.50,1.50
2012.09.28 16:05:03.788,1.25734,1.25756,2.14,1.88
2012.09.28 16:05:03.883,1.25734,1.25752,2.89,1.50
2012.09.28 16:05:04.047,1.25734,1.25752,2.14,1.50
2012.09.28 16:05:04.145,1.25734,1.25757,2.89,1.50
2012.09.28 16:05:04.443,1.25734,1.25757,3.26,1.50
2012.09.28 16:05:04.781,1.25738,1.25761,1.13,3.75
2012.09.28 16:05:05.333,1.25738,1.25761,1.13,3.00
2012.09.28 16:05:06.510,1.2574,1.25762,2.25,2.25
2012.09.28 16:05:07.105,1.25742,1.25763,2.14,1.50
2012.09.28 16:05:07.808,1.25742,1.25763,2.14,1.50
2012.09.28 16:05:10.048,1.25742,1.25761,2.14,3.00
2012.09.28 16:05:10.615,1.25739,1.25761,2.14,3.00
2012.09.28 16:05:11.151,1.25735,1.25758,1.39,2.25
2012.09.28 16:05:11.243,1.25735,1.25758,1.39,2.63
2012.09.28 16:05:11.949,1.25737,1.25758,1.88,1.50
2012.09.28 16:05:12.718,1.25735,1.25758,1.13,1.88
2012.09.28 16:05:14.066,1.25735,1.25758,1.50,2.25
2012.09.28 16:05:14.387,1.25732,1.25753,2.14,1.88
2012.09.28 16:05:14.722,1.25732,1.2575,1.39,1.13
2012.09.28 16:05:15.144,1.25732,1.25744,2.14,1.50
2012.09.28 16:05:15.228,1.25732,1.2575,2.14,1.13
2012.09.28 16:05:15.481,1.2573,1.25749,2.25,1.13
2012.09.28 16:05:16.130,1.2573,1.25751,2.25,1.13
2012.09.28 16:05:16.704,1.25727,1.25752,2.14,2.63
2012.09.28 16:05:16.874,1.25727,1.25752,2.14,3.38
2012.09.28 16:05:17.049,1.25726,1.25749,1.50,1.50
2012.09.28 16:05:18.031,1.25726,1.25749,2.89,1.50
2012.09.28 16:05:18.128,1.25732,1.25754,1.50,1.13
2012.09.28 16:05:18.227,1.25732,1.25755,1.50,2.25
2012.09.28 16:05:19.494,1.25728,1.25753,3.75,1.50
2012.09.28 16:05:21.070,1.25729,1.25753,3.64,1.50
2012.09.28 16:05:21.243,1.25732,1.25756,2.25,2.63
2012.09.28 16:05:21.777,1.25734,1.25756,1.13,1.88
2012.09.28 16:05:22.421,1.25734,1.25758,2.63,2.25
2012.09.28 16:05:24.854,1.25734,1.25758,3.38,1.50
2012.09.28 16:05:25.262,1.2574,1.25762,1.50,1.13
2012.09.28 16:05:25.604,1.25757,1.25778,2.25,1.50
2012.09.28 16:05:25.759,1.25757,1.25779,2.25,1.58
2012.09.28 16:05:26.473,1.25754,1.25778,2.89,2.25
2012.09.28 16:05:28.026,1.25754,1.25778,1.50,3.00
2012.09.28 16:05:28.125,1.25754,1.25778,2.25,2.25
2012.09.28 16:05:28.375,1.25753,1.25776,1.50,1.50
2012.09.28 16:05:28.983,1.25752,1.25776,2.25,1.50
2012.09.28 16:05:31.759,1.25752,1.25776,3.00,2.25
2012.09.28 16:05:33.918,1.25753,1.25776,1.39,1.50
2012.09.28 16:05:34.642,1.25753,1.25776,2.14,1.50
2012.09.28 16:05:34.968,1.25752,1.25776,2.25,2.89
2012.09.28 16:05:35.125,1.25752,1.25776,1.50,2.89
2012.09.28 16:05:36.113,1.25752,1.25776,2.25,2.89
2012.09.28 16:05:36.795,1.25752,1.25776,2.25,2.89
2012.09.28 16:05:37.314,1.25752,1.25774,1.50,1.50
2012.09.28 16:05:38.463,1.25752,1.25776,2.25,2.89
2012.09.28 16:05:38.965,1.25752,1.25775,2.25,1.39
2012.09.28 16:05:39.588,1.25752,1.25771,2.25,1.50
2012.09.28 16:05:41.474,1.25752,1.25771,1.50,1.50
2012.09.28 16:05:41.813,1.25752,1.25771,1.50,1.13
2012.09.28 16:05:42.078,1.25749,1.25768,2.25,1.50
2012.09.28 16:05:42.174,1.25749,1.25768,1.50,1.13
2012.09.28 16:05:43.850,1.25749,1.25771,2.25,1.50
2012.09.28 16:05:44.296,1.25753,1.25772,1.50,1.13
2012.09.28 16:05:44.857,1.25754,1.25773,2.25,1.13
2012.09.28 16:05:45.879,1.25754,1.25773,1.50,1.13
2012.09.28 16:05:46.367,1.25753,1.2577,2.14,2.25
2012.09.28 16:05:46.462,1.25753,1.2577,2.14,2.25
2012.09.28 16:05:46.985,1.25754,1.25773,2.14,2.63
2012.09.28 16:05:52.014,1.25752,1.25773,1.50,2.63
2012.09.28 16:05:52.397,1.25752,1.25772,1.50,1.13
2012.09.28 16:05:52.490,1.25752,1.25768,1.50,1.50
2012.09.28 16:05:52.807,1.25752,1.25769,1.50,2.25
2012.09.28 16:05:53.681,1.25752,1.25772,1.50,2.25
2012.09.28 16:05:53.855,1.25752,1.25772,2.25,1.13
2012.09.28 16:05:56.700,1.25752,1.25774,2.25,2.25
2012.09.28 16:05:56.875,1.25752,1.25774,3.00,2.25
2012.09.28 16:05:57.398,1.25752,1.25774,2.25,1.88
2012.09.28 16:06:02.969,1.25752,1.25774,2.25,2.63
2012.09.28 16:06:04.501,1.25752,1.25774,1.50,2.63
2012.09.28 16:06:05.020,1.25752,1.25774,1.50,2.63
2012.09.28 16:06:05.629,1.25752,1.25769,1.50,1.50
2012.09.28 16:06:06.252,1.25752,1.25769,1.50,1.50
2012.09.28 16:06:11.618,1.25748,1.25769,1.50,1.50
2012.09.28 16:06:12.019,1.25748,1.25766,1.50,1.50
2012.09.28 16:06:12.548,1.25748,1.25766,1.50,1.50
2012.09.28 16:06:12.639,1.25748,1.25766,1.50,1.50
2012.09.28 16:06:13.179,1.25746,1.25763,1.50,1.50
2012.09.28 16:06:14.970,1.25747,1.25759,1.50,1.88
2012.09.28 16:06:15.540,1.25742,1.25763,2.25,1.50
2012.09.28 16:06:16.257,1.25742,1.25763,2.25,1.50
2012.09.28 16:06:17.787,1.25742,1.25763,2.25,1.50
2012.09.28 16:06:18.326,1.25742,1.25766,1.50,1.50
2012.09.28 16:06:23.061,1.25746,1.25766,1.50,1.50
2012.09.28 16:06:23.959,1.25746,1.25766,1.50,1.50
2012.09.28 16:06:24.568,1.25746,1.25766,1.50,1.50
2012.09.28 16:06:25.523,1.25752,1.2577,1.50,3.00
2012.09.28 16:06:25.610,1.25755,1.25773,1.50,2.25
2012.09.28 16:06:25.847,1.25752,1.25774,2.18,2.63
2012.09.28 16:06:26.172,1.25752,1.2577,2.18,1.88
2012.09.28 16:06:26.260,1.2575,1.2577,1.50,2.63
2012.09.28 16:06:26.437,1.25749,1.25766,3.38,1.50
2012.09.28 16:06:28.751,1.25752,1.25772,1.50,2.25
2012.09.28 16:06:28.917,1.25752,1.25772,1.50,1.50
2012.09.28 16:06:29.253,1.25751,1.25772,3.53,2.25
2012.09.28 16:06:30.089,1.25752,1.2577,1.50,1.13
2012.09.28 16:06:30.204,1.25745,1.25763,2.85,1.50
2012.09.28 16:06:30.526,1.25744,1.25763,2.85,2.25
2012.09.28 16:06:30.899,1.25744,1.25762,1.50,1.88
2012.09.28 16:06:30.992,1.25744,1.25758,1.50,1.13
2012.09.28 16:06:32.918,1.2574,1.25758,2.25,1.13
2012.09.28 16:06:33.244,1.2574,1.25756,2.25,1.88
2012.09.28 16:06:33.571,1.25744,1.25761,1.50,1.88
2012.09.28 16:06:33.890,1.25749,1.25765,1.50,2.25
2012.09.28 16:06:34.279,1.25749,1.2577,1.50,2.63
2012.09.28 16:06:36.390,1.25748,1.2577,1.58,2.63
2012.09.28 16:06:36.636,1.25751,1.2577,1.65,2.25
2012.09.28 16:06:40.223,1.25752,1.25767,1.50,1.50
2012.09.28 16:06:40.555,1.25749,1.25764,2.25,1.50
2012.09.28 16:06:40.883,1.25745,1.25759,2.48,1.50
2012.09.28 16:06:41.969,1.25744,1.25759,2.78,1.50
2012.09.28 16:06:43.126,1.25748,1.25768,2.14,1.50
2012.09.28 16:06:43.611,1.25745,1.25759,1.50,1.50
2012.09.28 16:06:44.106,1.25745,1.25766,2.25,1.50
2012.09.28 16:06:44.203,1.25748,1.25769,2.14,2.63
2012.09.28 16:06:44.291,1.25748,1.25769,2.14,2.63
2012.09.28 16:06:44.798,1.25748,1.25769,5.14,1.13
2012.09.28 16:06:44.972,1.25752,1.25771,1.50,1.50
2012.09.28 16:06:45.302,1.25753,1.25772,1.50,1.13
2012.09.28 16:06:45.993,1.25756,1.25774,1.50,2.63
2012.09.28 16:06:46.333,1.25759,1.25774,1.50,1.13
2012.09.28 16:06:46.658,1.25759,1.25779,1.50,2.48
2012.09.28 16:06:47.022,1.25761,1.25779,1.50,1.50
2012.09.28 16:06:47.198,1.25762,1.25776,1.50,1.50
2012.09.28 16:06:47.294,1.25762,1.25783,1.50,1.50
2012.09.28 16:06:47.392,1.25762,1.25783,1.50,1.50
2012.09.28 16:06:47.925,1.25767,1.25783,1.50,1.50
2012.09.28 16:06:48.235,1.25767,1.25787,1.50,1.13
2012.09.28 16:06:48.615,1.25762,1.25778,1.50,1.50
2012.09.28 16:06:48.940,1.25761,1.25776,1.50,1.50
2012.09.28 16:06:50.256,1.25759,1.25779,1.13,1.50
2012.09.28 16:06:51.692,1.25759,1.25779,1.13,1.50
2012.09.28 16:06:53.456,1.25759,1.25779,1.13,2.25
2012.09.28 16:06:53.551,1.25759,1.25776,1.13,1.50
2012.09.28 16:06:54.043,1.25762,1.25776,2.25,1.50
2012.09.28 16:06:54.212,1.25763,1.25783,1.50,1.50
2012.09.28 16:06:55.028,1.25764,1.25783,1.50,1.50
2012.09.28 16:06:56.049,1.25767,1.25785,2.25,1.50
2012.09.28 16:06:56.407,1.25769,1.25788,1.50,1.50
2012.09.28 16:06:56.507,1.2577,1.25789,1.50,1.50
2012.09.28 16:06:57.072,1.2577,1.25789,1.50,2.25
2012.09.28 16:06:57.615,1.2577,1.25792,2.25,4.13
2012.09.28 16:06:57.950,1.2577,1.25791,2.25,1.50
2012.09.28 16:06:58.298,1.2577,1.25784,1.50,1.50
2012.09.28 16:06:58.637,1.25771,1.25788,3.00,1.50
2012.09.28 16:06:58.892,1.25772,1.25788,1.88,1.50
2012.09.28 16:06:59.576,1.25772,1.2579,2.25,1.50
2012.09.28 16:07:00.318,1.25771,1.2579,1.50,1.50
2012.09.28 16:07:00.597,1.2577,1.25787,2.25,1.50
2012.09.28 16:07:01.179,1.2577,1.25783,1.50,1.50
2012.09.28 16:07:01.517,1.2577,1.25778,1.50,1.50
2012.09.28 16:07:02.347,1.2577,1.25783,1.50,2.25
2012.09.28 16:07:03.557,1.2577,1.2578,1.50,1.39
2012.09.28 16:07:04.111,1.2577,1.25781,1.50,1.39
2012.09.28 16:07:04.765,1.2577,1.25783,1.50,1.50
2012.09.28 16:07:05.087,1.25765,1.25783,1.50,1.50
2012.09.28 16:07:05.264,1.25762,1.25783,1.50,3.00
2012.09.28 16:07:05.431,1.25762,1.2578,1.50,1.50
2012.09.28 16:07:06.011,1.25762,1.25781,1.50,1.50
2012.09.28 16:07:06.774,1.25759,1.25778,2.25,1.50
2012.09.28 16:07:07.678,1.25758,1.2578,1.88,2.25
2012.09.28 16:07:08.009,1.25759,1.2578,1.50,1.50
2012.09.28 16:07:08.331,1.25759,1.25782,1.50,2.25
2012.09.28 16:07:08.576,1.25767,1.25788,1.50,1.50
2012.09.28 16:07:08.752,1.25767,1.25788,1.50,1.50
2012.09.28 16:07:09.535,1.25771,1.2579,1.50,3.38
2012.09.28 16:07:09.933,1.25771,1.25787,1.50,1.50
2012.09.28 16:07:10.183,1.2577,1.25784,1.50,1.50
2012.09.28 16:07:12.764,1.25766,1.25784,1.50,2.25
2012.09.28 16:07:16.758,1.25767,1.25784,1.50,1.50
2012.09.28 16:07:21.264,1.25767,1.25783,2.25,1.50
2012.09.28 16:07:21.367,1.25764,1.25783,2.25,1.50
2012.09.28 16:07:21.702,1.25767,1.25784,1.50,1.50
2012.09.28 16:07:24.742,1.25763,1.25786,1.88,2.25
2012.09.28 16:07:25.069,1.25763,1.25781,2.25,1.50
2012.09.28 16:07:25.158,1.25763,1.25783,2.25,1.50
2012.09.28 16:07:26.618,1.25763,1.25782,1.50,1.39
2012.09.28 16:07:26.717,1.25763,1.25777,1.50,1.39
2012.09.28 16:07:27.064,1.25756,1.25773,2.25,1.88
2012.09.28 16:07:27.781,1.25756,1.2577,1.50,1.50
2012.09.28 16:07:27.900,1.2575,1.25768,1.50,1.50
2012.09.28 16:07:29.704,1.25747,1.25768,1.13,2.89
2012.09.28 16:07:33.100,1.25751,1.2577,1.88,1.50
2012.09.28 16:07:34.106,1.25751,1.2577,1.88,1.50
2012.09.28 16:07:34.572,1.25751,1.25768,1.88,1.50
2012.09.28 16:07:36.326,1.25751,1.2577,1.88,2.25
2012.09.28 16:07:36.513,1.25751,1.2577,2.63,2.25
2012.09.28 16:07:37.119,1.25751,1.2577,2.63,1.50
2012.09.28 16:07:38.039,1.25751,1.2577,1.13,3.64
2012.09.28 16:07:38.440,1.25751,1.2577,1.13,2.89
2012.09.28 16:07:38.570,1.25751,1.2577,1.13,3.64
2012.09.28 16:07:39.004,1.25751,1.2577,1.13,2.89
2012.09.28 16:07:39.743,1.25747,1.25763,1.13,1.50
2012.09.28 16:07:39.828,1.25747,1.25765,1.13,1.50
2012.09.28 16:07:41.927,1.25744,1.25767,2.25,1.39
2012.09.28 16:07:42.029,1.25746,1.25767,1.50,1.39
2012.09.28 16:07:42.539,1.25746,1.25767,1.50,1.39
2012.09.28 16:07:42.787,1.25746,1.25767,1.50,1.39
2012.09.28 16:07:43.123,1.25747,1.2577,1.13,2.89
2012.09.28 16:07:43.619,1.2575,1.2577,2.63,1.39
2012.09.28 16:07:43.711,1.25751,1.25771,2.25,1.39
2012.09.28 16:07:43.937,1.25751,1.25774,2.25,2.25
2012.09.28 16:07:44.992,1.25756,1.25778,1.50,2.25
2012.09.28 16:07:45.298,1.25755,1.25778,1.50,2.25
2012.09.28 16:07:46.042,1.25754,1.25778,2.63,2.25
2012.09.28 16:07:47.391,1.25754,1.25774,1.88,2.14
2012.09.28 16:07:47.666,1.25749,1.25772,1.28,3.75
2012.09.28 16:07:47.768,1.25749,1.2577,1.28,2.25
2012.09.28 16:07:48.029,1.25749,1.25772,3.38,2.25
2012.09.28 16:07:48.436,1.2575,1.25772,1.50,1.50
2012.09.28 16:07:48.694,1.2575,1.25772,1.50,2.25
2012.09.28 16:07:49.591,1.2575,1.25769,1.50,2.25
2012.09.28 16:07:51.423,1.2575,1.25769,1.50,2.25
2012.09.28 16:07:52.751,1.25749,1.25769,1.50,1.50
2012.09.28 16:07:54.389,1.25749,1.25766,1.50,1.50
2012.09.28 16:07:55.326,1.25743,1.25763,1.80,1.50
2012.09.28 16:07:55.425,1.25744,1.25763,1.50,1.50
2012.09.28 16:07:57.501,1.25741,1.25763,2.63,1.50
2012.09.28 16:08:01.601,1.25741,1.25763,1.88,1.50
2012.09.28 16:08:02.150,1.25747,1.25768,1.50,3.00
2012.09.28 16:08:02.858,1.25743,1.25765,2.25,1.50
2012.09.28 16:08:03.449,1.25743,1.25765,2.25,1.50
2012.09.28 16:08:03.909,1.25743,1.25765,2.25,1.50
2012.09.28 16:08:04.094,1.25743,1.25763,2.25,1.50
2012.09.28 16:08:04.186,1.25743,1.25763,2.25,1.50
2012.09.28 16:08:04.290,1.25741,1.25763,2.63,1.50
2012.09.28 16:08:04.733,1.25743,1.25763,1.50,1.50
2012.09.28 16:08:05.834,1.25745,1.25765,2.25,1.50
2012.09.28 16:08:06.010,1.25737,1.25759,1.50,2.25
2012.09.28 16:08:06.570,1.25735,1.25759,4.13,2.25
2012.09.28 16:08:07.834,1.25739,1.25762,1.13,1.50
2012.09.28 16:08:11.708,1.25739,1.25763,1.13,2.25
2012.09.28 16:08:13.040,1.25741,1.25766,3.00,3.38
2012.09.28 16:08:13.499,1.25743,1.25766,1.13,2.25
2012.09.28 16:08:13.867,1.25746,1.25768,2.25,1.50
2012.09.28 16:08:14.204,1.25746,1.25768,2.25,1.50
2012.09.28 16:08:15.449,1.25739,1.25757,1.50,2.25
2012.09.28 16:08:15.542,1.25738,1.25757,1.50,1.50
2012.09.28 16:08:16.384,1.25736,1.25757,1.13,1.50
2012.09.28 16:08:16.634,1.25736,1.25757,1.13,2.25
2012.09.28 16:08:16.810,1.25736,1.25757,1.13,1.50
2012.09.28 16:08:16.920,1.25734,1.25755,1.13,2.25
2012.09.28 16:08:17.585,1.25732,1.25755,1.50,2.25
2012.09.28 16:08:17.922,1.25733,1.25756,4.20,1.50
2012.09.28 16:08:18.455,1.25733,1.25757,4.58,2.25
2012.09.28 16:08:19.176,1.25733,1.25757,3.38,2.25
2012.09.28 16:08:20.728,1.25733,1.25757,3.38,2.25
2012.09.28 16:08:21.117,1.25733,1.25756,3.38,1.50
2012.09.28 16:08:21.534,1.25733,1.25756,3.38,1.50
2012.09.28 16:08:23.661,1.2574,1.25757,1.50,2.25
2012.09.28 16:08:23.754,1.25743,1.25762,1.50,1.13
2012.09.28 16:08:23.854,1.25743,1.25763,2.25,3.38
2012.09.28 16:08:24.187,1.25746,1.25766,1.50,2.25
2012.09.28 16:08:24.284,1.25746,1.25759,1.50,1.50
2012.09.28 16:08:24.465,1.25741,1.25762,1.50,1.50
2012.09.28 16:08:25.604,1.25742,1.2576,1.50,1.50
2012.09.28 16:08:25.937,1.25738,1.2576,1.50,2.25
2012.09.28 16:08:27.166,1.25738,1.2576,1.50,1.50
2012.09.28 16:08:27.267,1.25738,1.2576,1.50,2.25
2012.09.28 16:08:27.499,1.25738,1.25757,1.50,1.50
2012.09.28 16:08:27.667,1.25738,1.25757,1.50,1.50
2012.09.28 16:08:28.001,1.25738,1.25757,1.50,1.50
2012.09.28 16:08:28.422,1.25738,1.25757,1.50,1.50
2012.09.28 16:08:28.892,1.25738,1.25757,1.50,1.50
2012.09.28 16:08:29.554,1.25738,1.25757,1.50,1.50
2012.09.28 16:08:30.755,1.25734,1.25753,1.50,2.25
2012.09.28 16:08:31.538,1.25734,1.25753,1.50,1.50
2012.09.28 16:08:35.834,1.25735,1.25756,1.13,2.89
2012.09.28 16:08:35.933,1.25735,1.25756,1.13,2.89
2012.09.28 16:08:36.982,1.25735,1.25756,1.13,2.89
2012.09.28 16:08:37.320,1.25735,1.25753,1.13,2.89
2012.09.28 16:08:37.647,1.25734,1.2575,1.13,2.25
2012.09.28 16:08:37.741,1.25731,1.2575,1.50,3.64
2012.09.28 16:08:38.290,1.25726,1.2575,5.22,3.64
2012.09.28 16:08:38.732,1.25733,1.25753,2.63,2.14
2012.09.28 16:08:38.827,1.25734,1.25756,1.88,2.63
2012.09.28 16:08:39.080,1.25733,1.25754,2.63,1.13
2012.09.28 16:08:39.622,1.25731,1.25752,1.50,1.39
2012.09.28 16:08:40.302,1.25732,1.25753,2.25,2.14
2012.09.28 16:08:41.216,1.25732,1.25753,2.25,2.14
2012.09.28 16:08:41.729,1.25732,1.25753,2.25,2.14
2012.09.28 16:08:43.470,1.25734,1.25753,1.13,2.14
2012.09.28 16:08:43.877,1.25735,1.25753,1.13,2.14
2012.09.28 16:08:45.513,1.25735,1.25755,2.63,1.50
2012.09.28 16:08:46.218,1.25732,1.25756,2.25,3.38
2012.09.28 16:08:52.020,1.25732,1.25752,2.25,1.13
2012.09.28 16:08:54.273,1.25732,1.25752,2.25,1.13
2012.09.28 16:08:58.540,1.25732,1.25752,1.50,1.88
2012.09.28 16:08:59.210,1.25742,1.25752,1.50,1.13
2012.09.28 16:08:59.323,1.25743,1.25763,2.25,1.13
2012.09.28 16:08:59.421,1.25745,1.25767,1.13,2.63
2012.09.28 16:08:59.514,1.25746,1.25767,1.88,1.50
2012.09.28 16:08:59.602,1.25747,1.25771,2.25,1.88
2012.09.28 16:08:59.693,1.25747,1.25771,3.00,1.88
2012.09.28 16:09:00.019,1.25754,1.25773,1.39,1.88
2012.09.28 16:09:00.258,1.25754,1.25773,1.39,1.13
2012.09.28 16:09:00.485,1.25754,1.25771,1.39,1.13
2012.09.28 16:09:00.648,1.25754,1.25773,1.39,2.63
2012.09.28 16:09:00.900,1.25759,1.25773,1.39,1.88
2012.09.28 16:09:01.005,1.25759,1.25778,1.39,1.50
2012.09.28 16:09:01.332,1.25759,1.25775,1.39,1.50
2012.09.28 16:09:02.164,1.25762,1.25775,1.39,1.50
2012.09.28 16:09:02.270,1.25762,1.2578,1.39,1.50
2012.09.28 16:09:03.040,1.25762,1.25776,1.39,1.50
2012.09.28 16:09:03.135,1.25758,1.25776,1.39,1.50
2012.09.28 16:09:03.415,1.25758,1.2578,2.14,1.50
2012.09.28 16:09:04.012,1.25764,1.25783,1.39,3.00
2012.09.28 16:09:04.837,1.25765,1.25783,1.39,1.50
2012.09.28 16:09:05.340,1.25767,1.25786,1.50,2.25
2012.09.28 16:09:05.661,1.25767,1.25786,1.50,2.25
2012.09.28 16:09:07.087,1.25767,1.25786,2.25,1.50
2012.09.28 16:09:07.413,1.25768,1.25786,1.50,1.50
2012.09.28 16:09:09.360,1.25768,1.25786,1.50,1.50
2012.09.28 16:09:09.608,1.2577,1.25789,1.50,2.25
2012.09.28 16:09:10.119,1.2577,1.25789,1.50,1.50
2012.09.28 16:09:13.322,1.25771,1.25789,2.25,1.50
2012.09.28 16:09:13.999,1.25774,1.25792,2.63,1.50
2012.09.28 16:09:14.095,1.25776,1.25796,1.50,2.25
2012.09.28 16:09:14.268,1.25776,1.25796,1.50,2.25
2012.09.28 16:09:18.187,1.2578,1.258,1.50,1.13
2012.09.28 16:09:18.613,1.2578,1.258,1.50,1.13
2012.09.28 16:09:18.796,1.2578,1.258,1.50,1.13
2012.09.28 16:09:19.634,1.2578,1.258,2.25,2.63
2012.09.28 16:09:20.045,1.2578,1.258,2.25,2.63
2012.09.28 16:09:20.128,1.2578,1.258,1.50,3.38
2012.09.28 16:09:20.469,1.25778,1.25797,1.13,1.88
2012.09.28 16:09:21.918,1.25778,1.25797,1.13,1.88
2012.09.28 16:09:29.336,1.25778,1.25798,1.50,2.63
2012.09.28 16:09:30.647,1.25778,1.25793,1.50,1.88
2012.09.28 16:09:31.139,1.25778,1.25797,3.00,1.76
2012.09.28 16:09:31.470,1.25779,1.25799,1.13,1.13
2012.09.28 16:09:32.075,1.25778,1.25799,3.00,1.88
2012.09.28 16:09:32.383,1.25776,1.25791,2.25,1.50
2012.09.28 16:09:32.695,1.25774,1.25782,2.40,1.50
2012.09.28 16:09:32.929,1.25768,1.25782,1.50,1.50
2012.09.28 16:09:33.900,1.25768,1.25784,1.50,1.50
2012.09.28 16:09:35.944,1.25768,1.25785,1.50,1.88
2012.09.28 16:09:38.084,1.25766,1.25783,1.50,1.39
2012.09.28 16:09:38.176,1.25764,1.25782,1.50,1.50
2012.09.28 16:09:38.275,1.2576,1.25779,1.50,1.50
2012.09.28 16:09:38.839,1.2576,1.2578,1.50,1.50
2012.09.28 16:09:38.931,1.2576,1.25783,1.50,2.14
2012.09.28 16:09:39.218,1.2576,1.2578,1.50,1.50
2012.09.28 16:09:41.640,1.25758,1.2578,1.88,2.89
2012.09.28 16:09:42.159,1.25758,1.2578,1.88,2.25
2012.09.28 16:09:44.675,1.25762,1.2578,2.25,1.50
2012.09.28 16:09:45.626,1.25762,1.25783,2.25,1.88
2012.09.28 16:09:45.844,1.25764,1.25783,1.50,2.25
2012.09.28 16:09:47.389,1.25764,1.25779,1.50,1.50
2012.09.28 16:09:47.479,1.25763,1.25779,1.50,1.50
2012.09.28 16:09:47.909,1.25761,1.25782,2.25,2.14
2012.09.28 16:09:49.522,1.25762,1.25783,1.50,1.50
2012.09.28 16:09:53.576,1.25762,1.25782,1.50,2.25
2012.09.28 16:09:53.664,1.25763,1.25782,1.88,2.25
2012.09.28 16:09:58.452,1.25767,1.25782,1.13,1.50
2012.09.28 16:09:58.770,1.25771,1.2579,1.50,1.13
2012.09.28 16:09:59.030,1.25776,1.25792,1.50,2.25
2012.09.28 16:09:59.541,1.25776,1.25794,1.50,1.50
2012.09.28 16:10:01.957,1.25776,1.25795,1.50,1.13
2012.09.28 16:10:03.491,1.25777,1.25795,1.50,1.13
2012.09.28 16:10:03.978,1.2578,1.258,1.13,1.50
2012.09.28 16:10:04.070,1.25783,1.25803,2.63,2.40
2012.09.28 16:10:04.166,1.25784,1.25803,1.13,1.50
2012.09.28 16:10:04.516,1.25792,1.25807,1.50,1.50
2012.09.28 16:10:04.616,1.25791,1.25807,1.13,1.50
2012.09.28 16:10:04.709,1.25791,1.25809,1.13,1.50
2012.09.28 16:10:05.043,1.25798,1.25809,1.13,1.50
2012.09.28 16:10:05.541,1.258,1.25817,2.25,1.95
2012.09.28 16:10:06.319,1.25805,1.25822,1.50,1.50
2012.09.28 16:10:06.431,1.25807,1.25822,1.50,1.50
2012.09.28 16:10:06.530,1.2581,1.25823,1.50,2.25
2012.09.28 16:10:07.114,1.2581,1.25825,1.88,2.25
2012.09.28 16:10:07.453,1.2581,1.25827,1.88,1.50
2012.09.28 16:10:08.025,1.2581,1.2583,1.88,1.50
2012.09.28 16:10:08.198,1.25809,1.25828,1.50,1.50
2012.09.28 16:10:08.380,1.25807,1.25826,1.50,1.50
2012.09.28 16:10:08.556,1.25807,1.25826,1.50,2.25
2012.09.28 16:10:08.894,1.25803,1.2582,2.25,1.50
2012.09.28 16:10:09.938,1.25803,1.2582,1.50,1.50
2012.09.28 16:10:10.282,1.25801,1.25817,1.50,1.50
2012.09.28 16:10:11.794,1.258,1.25819,1.50,1.50
2012.09.28 16:10:12.307,1.25802,1.25819,1.50,1.50
2012.09.28 16:10:12.403,1.25802,1.25819,1.50,1.50
2012.09.28 16:10:14.857,1.25797,1.25814,2.25,1.50
2012.09.28 16:10:15.988,1.25797,1.25814,1.50,1.50
2012.09.28 16:10:16.081,1.25797,1.25817,1.50,1.50
2012.09.28 16:10:16.418,1.25796,1.25817,1.50,2.25
2012.09.28 16:10:16.670,1.25798,1.25819,1.50,1.50
2012.09.28 16:10:17.703,1.25794,1.25814,4.84,1.13
2012.09.28 16:10:17.884,1.2579,1.25808,3.75,1.13
2012.09.28 16:10:18.050,1.2579,1.25811,2.25,2.25
2012.09.28 16:10:18.138,1.2579,1.2581,2.25,1.50
2012.09.28 16:10:20.039,1.25787,1.25809,1.50,2.25
2012.09.28 16:10:20.573,1.25788,1.25809,1.50,1.50
2012.09.28 16:10:20.949,1.25786,1.25806,3.00,1.50
2012.09.28 16:10:21.514,1.25786,1.25806,1.50,1.50
2012.09.28 16:10:21.766,1.25785,1.25806,1.50,2.25
2012.09.28 16:10:22.130,1.25782,1.25797,2.25,1.50
2012.09.28 16:10:23.329,1.25775,1.25793,1.50,2.25
2012.09.28 16:10:23.886,1.25775,1.25793,1.50,1.50
2012.09.28 16:10:23.990,1.25775,1.25798,3.00,3.00
2012.09.28 16:10:24.563,1.25775,1.25798,3.75,2.25
2012.09.28 16:10:24.818,1.25777,1.25798,1.50,2.25
2012.09.28 16:10:25.382,1.25778,1.25798,2.25,2.25
2012.09.28 16:10:25.861,1.25777,1.25795,1.50,1.50
2012.09.28 16:10:28.637,1.25778,1.25795,1.50,1.50
2012.09.28 16:10:28.982,1.25786,1.25801,1.50,1.50
2012.09.28 16:10:29.558,1.25787,1.25798,1.50,1.50
2012.09.28 16:10:31.289,1.25787,1.25802,1.50,1.50
2012.09.28 16:10:31.383,1.25787,1.25802,2.25,1.50
2012.09.28 16:10:32.350,1.25787,1.25802,1.50,1.50
2012.09.28 16:10:32.438,1.25787,1.25802,1.50,1.50
2012.09.28 16:10:34.840,1.25787,1.25802,1.50,1.50
2012.09.28 16:10:35.964,1.25787,1.25804,1.50,1.50
2012.09.28 16:10:36.904,1.25788,1.25805,1.50,1.50
2012.09.28 16:10:37.011,1.25789,1.25809,2.25,1.50
2012.09.28 16:10:37.107,1.25789,1.25809,2.59,1.50
2012.09.28 16:10:37.373,1.25789,1.25811,3.34,1.50
2012.09.28 16:10:37.910,1.25791,1.25811,1.50,1.50
2012.09.28 16:10:38.686,1.25791,1.25811,1.50,2.25
2012.09.28 16:10:38.986,1.25791,1.25808,1.50,1.50
2012.09.28 16:10:39.669,1.25791,1.25809,1.50,1.50
2012.09.28 16:10:42.047,1.2579,1.25799,1.13,1.50
2012.09.28 16:10:42.146,1.25788,1.25799,1.50,1.50
2012.09.28 16:10:42.403,1.25787,1.25804,2.25,2.25
2012.09.28 16:10:42.649,1.25787,1.25806,1.50,1.13
2012.09.28 16:10:42.806,1.25784,1.25804,2.25,2.25
2012.09.28 16:10:43.728,1.25784,1.25806,1.50,3.38
2012.09.28 16:10:44.616,1.25786,1.25806,1.50,1.13
2012.09.28 16:10:44.744,1.25797,1.25813,1.50,1.50
2012.09.28 16:10:44.837,1.25797,1.25814,1.50,2.25
2012.09.28 16:10:45.012,1.25797,1.25814,2.97,2.25
2012.09.28 16:10:45.361,1.25805,1.25823,1.50,1.50
2012.09.28 16:10:45.718,1.25806,1.25824,1.88,2.25
2012.09.28 16:10:45.909,1.25806,1.25824,1.88,3.00
2012.09.28 16:10:46.573,1.25808,1.25824,1.50,2.25
2012.09.28 16:10:47.133,1.25808,1.25827,1.50,2.25
2012.09.28 16:10:47.572,1.25807,1.25826,1.88,1.50
2012.09.28 16:10:48.279,1.25807,1.25826,1.88,1.50
2012.09.28 16:10:49.183,1.25807,1.25829,1.88,2.25
2012.09.28 16:10:49.518,1.25807,1.25825,2.63,1.50
2012.09.28 16:10:49.616,1.25807,1.25829,2.63,1.50
2012.09.28 16:10:50.195,1.25812,1.25826,2.25,1.13
2012.09.28 16:10:50.294,1.25807,1.25828,1.50,1.88
2012.09.28 16:10:50.462,1.25806,1.25829,2.25,1.13
2012.09.28 16:10:50.552,1.25807,1.25831,1.50,1.88
2012.09.28 16:10:50.723,1.25807,1.25832,2.25,2.25
2012.09.28 16:10:50.813,1.25809,1.25832,1.50,2.25
2012.09.28 16:10:51.235,1.2582,1.25834,1.50,1.13
2012.09.28 16:10:51.332,1.25815,1.25835,2.25,1.13
2012.09.28 16:10:52.091,1.2581,1.25835,3.00,1.13
2012.09.28 16:10:52.627,1.2581,1.25833,1.50,1.50
2012.09.28 16:10:53.363,1.25809,1.25833,2.25,1.88
2012.09.28 16:10:54.412,1.25808,1.25832,3.00,1.88
2012.09.28 16:10:54.506,1.25808,1.25832,3.00,2.63
2012.09.28 16:10:55.032,1.25808,1.25829,1.50,1.13
2012.09.28 16:10:55.468,1.25809,1.25829,1.50,1.13
2012.09.28 16:10:55.559,1.25809,1.25829,1.50,1.13
2012.09.28 16:10:56.495,1.25809,1.25829,1.50,2.63
2012.09.28 16:10:56.598,1.25809,1.25825,1.50,1.50
2012.09.28 16:10:57.107,1.25809,1.25824,1.50,1.50
2012.09.28 16:10:57.617,1.25807,1.25824,2.25,1.50
2012.09.28 16:10:57.791,1.25809,1.25828,1.50,1.88
2012.09.28 16:10:57.891,1.25809,1.2583,1.50,1.50
2012.09.28 16:10:58.411,1.25807,1.2583,2.25,1.50
2012.09.28 16:10:59.003,1.25808,1.25828,1.50,1.50
2012.09.28 16:10:59.275,1.25806,1.25828,1.50,1.50
2012.09.28 16:10:59.441,1.25805,1.25828,3.00,2.25
2012.09.28 16:11:00.582,1.25806,1.25828,1.50,1.50
2012.09.28 16:11:00.689,1.25805,1.25823,1.50,1.50
2012.09.28 16:11:01.024,1.25802,1.25818,1.13,1.50
2012.09.28 16:11:01.201,1.25802,1.25819,1.13,2.63
2012.09.28 16:11:01.397,1.25799,1.25818,3.00,2.25
2012.09.28 16:11:01.581,1.25799,1.25816,1.50,1.50
2012.09.28 16:11:01.839,1.25799,1.25819,1.50,1.50
2012.09.28 16:11:02.014,1.25802,1.25821,1.50,1.13
2012.09.28 16:11:02.108,1.25802,1.25821,3.64,1.13
2012.09.28 16:11:02.207,1.25802,1.25822,3.64,1.13
2012.09.28 16:11:02.384,1.25802,1.25822,1.50,1.13
2012.09.28 16:11:02.640,1.25802,1.25822,1.50,1.13
2012.09.28 16:11:03.055,1.25801,1.25821,1.50,1.13
2012.09.28 16:11:03.309,1.25801,1.25822,2.25,1.13
2012.09.28 16:11:03.411,1.25801,1.25821,1.50,1.13
2012.09.28 16:11:03.505,1.25801,1.25821,1.50,1.13
2012.09.28 16:11:04.359,1.25798,1.25821,1.13,1.13
2012.09.28 16:11:05.641,1.258,1.25821,2.25,1.13
2012.09.28 16:11:05.733,1.258,1.25821,2.25,1.88
2012.09.28 16:11:07.088,1.258,1.25821,3.00,1.13
2012.09.28 16:11:07.576,1.258,1.2582,1.50,1.13
2012.09.28 16:11:08.672,1.25802,1.25818,2.63,1.50
2012.09.28 16:11:09.580,1.25797,1.25815,3.75,1.50
2012.09.28 16:11:09.832,1.25799,1.25818,1.50,1.50
2012.09.28 16:11:11.690,1.25796,1.25814,2.25,1.50
2012.09.28 16:11:11.850,1.25796,1.25814,1.50,1.50
2012.09.28 16:11:12.526,1.25796,1.25814,1.50,1.50
2012.09.28 16:11:12.623,1.25796,1.25817,1.50,2.25
2012.09.28 16:11:13.263,1.25796,1.25817,1.50,2.25
2012.09.28 16:11:13.435,1.25796,1.25817,1.50,2.25
2012.09.28 16:11:14.215,1.25797,1.25817,2.25,2.25
2012.09.28 16:11:14.404,1.25799,1.25818,2.25,1.50
2012.09.28 16:11:14.778,1.25811,1.25826,1.50,1.88
2012.09.28 16:11:14.876,1.25812,1.25826,1.50,1.13
2012.09.28 16:11:15.214,1.25812,1.25826,1.88,1.13
2012.09.28 16:11:15.785,1.25813,1.25833,1.50,2.25
2012.09.28 16:11:16.117,1.25812,1.25833,1.13,1.50
2012.09.28 16:11:16.547,1.2581,1.25831,1.50,1.50
2012.09.28 16:11:17.773,1.2581,1.25834,1.50,1.13
2012.09.28 16:11:17.885,1.25813,1.25838,3.00,3.00
2012.09.28 16:11:18.236,1.25811,1.25832,2.25,1.50
2012.09.28 16:11:18.732,1.25811,1.25834,2.25,3.00
2012.09.28 16:11:18.827,1.25811,1.25831,2.25,1.50
2012.09.28 16:11:19.161,1.25811,1.25831,2.25,1.50
2012.09.28 16:11:19.257,1.25809,1.25831,2.63,1.50
2012.09.28 16:11:19.359,1.25809,1.25834,3.75,2.63
2012.09.28 16:11:19.529,1.25809,1.2583,1.50,1.88
2012.09.28 16:11:20.036,1.25807,1.25829,1.50,1.50
2012.09.28 16:11:20.380,1.25809,1.2583,2.25,2.25
2012.09.28 16:11:20.468,1.25809,1.2583,1.50,3.75
2012.09.28 16:11:20.565,1.25808,1.2583,1.50,3.00
2012.09.28 16:11:21.563,1.25812,1.2583,1.50,2.25
2012.09.28 16:11:21.832,1.25813,1.25832,1.50,1.88
2012.09.28 16:11:21.928,1.25813,1.25832,2.25,1.50
2012.09.28 16:11:22.197,1.25812,1.25832,1.50,1.50
2012.09.28 16:11:22.841,1.25815,1.25832,1.50,1.50
2012.09.28 16:11:23.011,1.25812,1.25832,1.50,1.50
2012.09.28 16:11:23.583,1.25815,1.25832,1.50,1.50
2012.09.28 16:11:24.099,1.25812,1.25833,2.25,1.39
2012.09.28 16:11:24.991,1.25817,1.25838,3.00,1.88
2012.09.28 16:11:25.090,1.25821,1.25838,1.50,2.25
2012.09.28 16:11:25.500,1.25823,1.25839,1.50,1.50
2012.09.28 16:11:25.814,1.25823,1.25839,2.25,1.50
2012.09.28 16:11:26.149,1.25821,1.25839,2.25,1.50
2012.09.28 16:11:26.247,1.25826,1.25845,1.13,1.50
2012.09.28 16:11:26.342,1.25827,1.25846,1.50,1.50
2012.09.28 16:11:26.442,1.25831,1.25846,1.50,1.50
2012.09.28 16:11:26.797,1.25833,1.25849,1.88,1.50
2012.09.28 16:11:27.141,1.25835,1.25849,2.63,1.50
2012.09.28 16:11:28.440,1.25832,1.25849,2.25,2.25
2012.09.28 16:11:28.614,1.2583,1.25849,1.13,2.25
2012.09.28 16:11:29.683,1.25838,1.25851,1.13,1.50
2012.09.28 16:11:29.956,1.25837,1.25851,1.13,1.50
2012.09.28 16:11:30.059,1.25834,1.2585,1.13,2.14
2012.09.28 16:11:30.412,1.25834,1.25848,1.50,1.13
2012.09.28 16:11:30.584,1.25832,1.25847,1.50,2.14
2012.09.28 16:11:30.778,1.25833,1.25845,1.50,1.50
2012.09.28 16:11:31.134,1.25826,1.25838,1.50,1.50
2012.09.28 16:11:31.855,1.25826,1.25837,1.50,1.13
2012.09.28 16:11:31.993,1.25822,1.25843,3.00,1.39
2012.09.28 16:11:32.170,1.25822,1.25843,1.50,1.39
2012.09.28 16:11:32.428,1.25819,1.25841,1.50,1.50
2012.09.28 16:11:32.757,1.25825,1.25845,1.13,4.43
2012.09.28 16:11:33.080,1.25829,1.25845,1.50,2.93
2012.09.28 16:11:33.417,1.25822,1.25845,1.88,4.05
2012.09.28 16:11:33.675,1.25822,1.25845,2.63,1.88
2012.09.28 16:11:34.092,1.25822,1.25845,2.25,1.88
2012.09.28 16:11:34.445,1.25829,1.25842,2.25,1.50
2012.09.28 16:11:34.710,1.25822,1.25845,2.25,1.50
2012.09.28 16:11:34.815,1.2583,1.25844,1.50,2.25
2012.09.28 16:11:35.487,1.25829,1.2585,1.50,4.50
2012.09.28 16:11:35.586,1.25832,1.25846,1.50,1.39
2012.09.28 16:11:35.763,1.25828,1.25842,1.50,1.50
2012.09.28 16:11:35.938,1.25828,1.25842,1.50,2.25
2012.09.28 16:11:36.194,1.25825,1.25842,1.50,2.25
2012.09.28 16:11:36.741,1.25822,1.25843,1.13,1.50
2012.09.28 16:11:36.829,1.25822,1.25846,1.13,1.50
2012.09.28 16:11:37.075,1.25822,1.25843,1.13,1.50
2012.09.28 16:11:37.410,1.25822,1.25843,2.14,1.50
2012.09.28 16:11:37.745,1.25826,1.25841,1.50,1.50
2012.09.28 16:11:37.910,1.25825,1.25841,1.50,1.50
2012.09.28 16:11:38.299,1.25821,1.25844,2.25,2.25
2012.09.28 16:11:39.336,1.25826,1.25849,1.50,2.25
2012.09.28 16:11:39.447,1.25826,1.25846,1.50,2.25
2012.09.28 16:11:39.793,1.25823,1.25846,2.25,3.00
2012.09.28 16:11:40.135,1.25828,1.25846,1.39,1.50
2012.09.28 16:11:40.234,1.25828,1.2585,1.39,2.25
2012.09.28 16:11:40.420,1.25831,1.25853,2.25,2.93
2012.09.28 16:11:40.926,1.25836,1.25853,1.88,1.50
2012.09.28 16:11:41.268,1.25838,1.2586,2.25,2.10
2012.09.28 16:11:41.845,1.25841,1.25862,3.38,2.25
2012.09.28 16:11:41.951,1.25841,1.25863,4.88,2.25
2012.09.28 16:11:42.920,1.25847,1.25861,1.50,1.50
2012.09.28 16:11:43.194,1.25846,1.25863,1.50,2.25
2012.09.28 16:11:43.438,1.25846,1.25864,1.50,2.25
2012.09.28 16:11:43.773,1.25846,1.25863,2.25,2.85
2012.09.28 16:11:44.272,1.25849,1.25863,1.39,2.85
2012.09.28 16:11:44.372,1.25849,1.25864,2.14,2.25
2012.09.28 16:11:44.472,1.25849,1.25864,2.14,2.25
2012.09.28 16:11:44.741,1.2585,1.25872,1.50,2.93
2012.09.28 16:11:44.911,1.2585,1.25872,1.50,2.93
2012.09.28 16:11:45.010,1.2585,1.25872,1.50,2.18
2012.09.28 16:11:45.102,1.2585,1.25872,1.50,2.93
2012.09.28 16:11:46.683,1.25852,1.25872,1.50,2.93
2012.09.28 16:11:46.818,1.25849,1.25868,1.50,2.25
2012.09.28 16:11:47.085,1.25848,1.25868,1.13,2.25
2012.09.28 16:11:47.462,1.25859,1.25867,1.13,2.03
2012.09.28 16:11:47.650,1.25856,1.25867,1.88,2.03
2012.09.28 16:11:47.745,1.25859,1.25867,1.13,2.03
2012.09.28 16:11:47.913,1.25854,1.25867,2.25,2.03
2012.09.28 16:11:48.005,1.25856,1.25867,1.13,2.03
2012.09.28 16:11:48.363,1.25856,1.25869,1.50,2.25
2012.09.28 16:11:48.532,1.25862,1.25871,1.13,1.73
2012.09.28 16:11:48.704,1.25862,1.25871,1.13,1.73
2012.09.28 16:11:50.130,1.25863,1.25881,1.13,1.58
2012.09.28 16:11:50.486,1.25866,1.25884,1.50,2.25
2012.09.28 16:11:50.658,1.25867,1.25887,1.50,2.48
2012.09.28 16:11:51.321,1.25866,1.25887,1.50,2.48
2012.09.28 16:11:51.488,1.25864,1.25887,1.50,2.48
2012.09.28 16:11:51.828,1.25865,1.25883,1.50,2.25
2012.09.28 16:11:52.002,1.25865,1.25883,1.50,2.25
2012.09.28 16:11:52.091,1.25865,1.25883,1.50,2.25
2012.09.28 16:11:52.179,1.25865,1.25883,1.50,2.25
2012.09.28 16:11:52.435,1.25865,1.25883,1.50,1.50
2012.09.28 16:11:52.781,1.25865,1.25883,1.50,1.50
2012.09.28 16:11:53.625,1.25862,1.25883,1.50,2.89
2012.09.28 16:11:54.660,1.25859,1.25881,2.25,1.50
2012.09.28 16:11:55.542,1.25859,1.25883,2.25,2.89
2012.09.28 16:11:55.710,1.25859,1.25883,2.25,3.64
2012.09.28 16:11:55.963,1.25858,1.25881,2.63,3.64
2012.09.28 16:11:56.395,1.25868,1.25886,1.50,1.88
2012.09.28 16:11:57.260,1.25868,1.25889,1.50,1.50
2012.09.28 16:11:57.937,1.25866,1.25887,1.50,1.50
2012.09.28 16:11:58.022,1.25866,1.25884,1.50,1.39
2012.09.28 16:11:58.270,1.25864,1.25884,1.88,2.89
2012.09.28 16:11:58.581,1.25864,1.25884,1.13,2.89
2012.09.28 16:11:59.121,1.25864,1.25884,1.13,2.25
2012.09.28 16:11:59.691,1.25866,1.25885,1.50,1.50
2012.09.28 16:12:00.018,1.25866,1.25885,1.50,1.50
2012.09.28 16:12:00.191,1.25866,1.25885,1.50,1.50
2012.09.28 16:12:00.371,1.25866,1.25882,1.50,1.50
2012.09.28 16:12:01.066,1.25864,1.25882,1.13,2.25
2012.09.28 16:12:01.203,1.25856,1.25876,1.50,2.63
2012.09.28 16:12:01.723,1.25855,1.25875,1.50,1.13
2012.09.28 16:12:02.222,1.25859,1.25876,1.50,1.50
2012.09.28 16:12:02.483,1.25856,1.25878,1.50,1.13
2012.09.28 16:12:02.676,1.25856,1.25875,1.50,1.13
2012.09.28 16:12:02.844,1.25858,1.25875,2.25,1.13
2012.09.28 16:12:03.011,1.25858,1.25878,1.50,1.50
2012.09.28 16:12:03.102,1.25857,1.25879,1.50,3.38
2012.09.28 16:12:03.762,1.2586,1.2588,2.25,1.13
2012.09.28 16:12:03.859,1.25861,1.25883,3.00,1.13
2012.09.28 16:12:03.957,1.25861,1.25884,3.75,3.23
2012.09.28 16:12:04.783,1.25863,1.25885,1.50,1.50
2012.09.28 16:12:04.977,1.25861,1.25884,1.50,1.50
2012.09.28 16:12:05.077,1.25861,1.25881,1.50,1.50
2012.09.28 16:12:05.417,1.25863,1.25881,1.50,1.50
2012.09.28 16:12:05.513,1.25863,1.25883,2.25,1.13
2012.09.28 16:12:05.619,1.25864,1.25883,2.25,1.13
2012.09.28 16:12:05.972,1.2586,1.25877,1.50,1.50
2012.09.28 16:12:07.654,1.25857,1.25877,1.88,2.25
2012.09.28 16:12:07.743,1.25856,1.25877,2.63,2.25
2012.09.28 16:12:07.926,1.25861,1.25879,1.50,1.50
2012.09.28 16:12:08.615,1.2586,1.25879,1.50,1.50
2012.09.28 16:12:08.720,1.25858,1.25883,2.25,3.00
2012.09.28 16:12:08.811,1.25858,1.25883,2.25,3.00
2012.09.28 16:12:09.139,1.25858,1.25883,2.25,2.25
2012.09.28 16:12:09.227,1.25858,1.25883,2.25,3.00
2012.09.28 16:12:09.799,1.25859,1.25877,1.13,1.50
2012.09.28 16:12:10.142,1.25856,1.25868,2.25,2.25
2012.09.28 16:12:10.340,1.25848,1.25869,2.63,2.25
2012.09.28 16:12:10.440,1.25848,1.25866,2.63,1.50
2012.09.28 16:12:10.778,1.25852,1.25866,1.50,1.50
2012.09.28 16:12:10.875,1.25852,1.25869,1.50,2.25
2012.09.28 16:12:11.284,1.25852,1.25869,1.50,2.25
2012.09.28 16:12:11.372,1.25849,1.25869,3.00,2.25
2012.09.28 16:12:11.464,1.25849,1.25869,3.00,2.25
2012.09.28 16:12:12.380,1.25851,1.25869,1.50,2.63
2012.09.28 16:12:12.493,1.25851,1.25874,1.50,3.64
2012.09.28 16:12:12.594,1.25848,1.25874,3.00,3.64
2012.09.28 16:12:12.681,1.25851,1.25874,1.50,3.64
2012.09.28 16:12:13.016,1.25851,1.25869,2.25,1.50
2012.09.28 16:12:13.278,1.25847,1.25869,1.88,2.25
2012.09.28 16:12:13.470,1.25847,1.25863,2.25,1.50
2012.09.28 16:12:14.037,1.25846,1.25861,1.13,1.50
2012.09.28 16:12:14.518,1.25845,1.25865,1.50,1.50
2012.09.28 16:12:14.695,1.25845,1.25865,2.70,2.25
2012.09.28 16:12:14.949,1.25845,1.25863,1.50,2.25
2012.09.28 16:12:15.048,1.25845,1.25863,2.10,1.50
2012.09.28 16:12:15.151,1.25843,1.25863,1.88,1.50
2012.09.28 16:12:16.217,1.25847,1.25867,1.50,2.14
2012.09.28 16:12:16.331,1.25843,1.25868,3.38,1.50
2012.09.28 16:12:16.761,1.25843,1.25868,3.38,1.50
2012.09.28 16:12:17.011,1.25843,1.25868,3.38,1.50
2012.09.28 16:12:17.321,1.25843,1.25861,1.88,1.50
2012.09.28 16:12:17.494,1.25843,1.25865,1.88,1.50
2012.09.28 16:12:17.721,1.25843,1.25865,1.13,2.25
2012.09.28 16:12:17.818,1.25843,1.25867,2.63,1.50
2012.09.28 16:12:17.911,1.25843,1.25867,2.63,1.50
2012.09.28 16:12:18.485,1.25843,1.25862,1.13,1.50
2012.09.28 16:12:18.591,1.25843,1.25862,1.13,1.50
2012.09.28 16:12:19.106,1.25844,1.25865,2.25,2.51
2012.09.28 16:12:19.869,1.25844,1.25865,1.50,2.51
2012.09.28 16:12:20.050,1.25843,1.25863,1.50,2.14
2012.09.28 16:12:20.388,1.25843,1.25863,1.50,2.14
2012.09.28 16:12:20.728,1.25843,1.2586,2.25,1.39
2012.09.28 16:12:20.827,1.25843,1.25864,2.25,2.14
2012.09.28 16:12:21.009,1.25843,1.25864,2.25,2.14
2012.09.28 16:12:21.195,1.25843,1.25864,2.25,2.14
2012.09.28 16:12:21.292,1.25843,1.25864,2.25,2.14
2012.09.28 16:12:21.541,1.25841,1.25861,1.50,1.39
2012.09.28 16:12:21.871,1.25846,1.25864,1.50,1.39
2012.09.28 16:12:22.121,1.25842,1.25864,3.00,2.14
2012.09.28 16:12:22.290,1.2584,1.25861,3.38,1.39
2012.09.28 16:12:23.310,1.25841,1.25864,1.50,3.00
2012.09.28 16:12:23.407,1.25841,1.25862,1.50,1.39
2012.09.28 16:12:24.317,1.25841,1.2586,1.50,1.50
2012.09.28 16:12:24.637,1.25842,1.25862,1.50,1.39
2012.09.28 16:12:24.971,1.25844,1.25862,1.50,1.39
2012.09.28 16:12:25.063,1.25842,1.25862,2.25,1.39
2012.09.28 16:12:25.249,1.25844,1.25862,1.50,1.39
2012.09.28 16:12:25.511,1.25841,1.25862,1.50,1.39
2012.09.28 16:12:25.762,1.2584,1.2586,2.63,1.50
2012.09.28 16:12:26.154,1.25841,1.25862,1.50,1.39
2012.09.28 16:12:26.702,1.25841,1.25859,1.50,1.39
2012.09.28 16:12:27.033,1.25836,1.25848,2.25,1.39
2012.09.28 16:12:27.125,1.25836,1.25848,1.88,1.39
2012.09.28 16:12:27.220,1.25836,1.25851,1.88,1.39
2012.09.28 16:12:29.575,1.25836,1.25851,1.88,1.39
2012.09.28 16:12:29.891,1.25838,1.25851,1.50,1.39
2012.09.28 16:12:30.369,1.25838,1.25853,1.50,1.39
2012.09.28 16:12:30.459,1.25838,1.25858,1.50,2.14
2012.09.28 16:12:30.552,1.25838,1.25858,1.50,1.39
2012.09.28 16:12:31.034,1.25837,1.25855,1.50,1.50
2012.09.28 16:12:31.125,1.25836,1.25855,1.13,1.50
2012.09.28 16:12:31.217,1.25836,1.25855,1.13,1.50
2012.09.28 16:12:32.124,1.25836,1.25856,1.13,2.89
2012.09.28 16:12:32.225,1.25836,1.25856,1.13,1.50
2012.09.28 16:12:32.722,1.25836,1.25856,1.13,1.50
2012.09.28 16:12:33.169,1.25836,1.25855,1.13,1.39
2012.09.28 16:12:33.934,1.25836,1.25853,1.13,1.50
2012.09.28 16:12:34.417,1.25836,1.2585,1.88,1.39
2012.09.28 16:12:34.776,1.25831,1.25848,1.13,1.50
2012.09.28 16:12:34.890,1.25829,1.25846,1.13,2.25
2012.09.28 16:12:35.244,1.25827,1.2584,1.13,1.50
2012.09.28 16:12:35.350,1.25825,1.25837,1.50,1.50
2012.09.28 16:12:36.143,1.25821,1.25839,1.50,1.50
2012.09.28 16:12:36.333,1.25819,1.25839,2.63,1.50
2012.09.28 16:12:37.462,1.25817,1.25839,2.25,1.50
2012.09.28 16:12:38.197,1.25817,1.25839,3.75,1.50
2012.09.28 16:12:38.750,1.25817,1.25839,3.00,1.50
2012.09.28 16:12:38.913,1.25817,1.25834,1.50,1.50
2012.09.28 16:12:40.125,1.25817,1.25837,1.50,1.50
2012.09.28 16:12:40.380,1.25816,1.25829,1.13,1.50
2012.09.28 16:12:40.716,1.25813,1.25823,2.63,1.50
2012.09.28 16:12:41.058,1.25811,1.25826,1.88,2.89
2012.09.28 16:12:41.154,1.25809,1.25823,1.13,1.50
2012.09.28 16:12:41.251,1.25807,1.25816,1.88,1.50
2012.09.28 16:12:41.573,1.25806,1.25816,1.13,1.50
2012.09.28 16:12:42.225,1.25804,1.25816,1.13,1.50
2012.09.28 16:12:42.801,1.25802,1.25817,1.50,1.50
2012.09.28 16:12:42.990,1.25801,1.25814,1.50,1.50
2012.09.28 16:12:44.550,1.25802,1.25816,1.50,1.50
2012.09.28 16:12:44.798,1.25799,1.25816,1.50,1.50
2012.09.28 16:12:44.973,1.25799,1.25816,1.13,1.50
2012.09.28 16:12:45.832,1.25793,1.25807,2.25,1.50
2012.09.28 16:12:46.399,1.25787,1.25807,2.25,1.50
2012.09.28 16:12:46.938,1.25786,1.25807,2.25,2.25
2012.09.28 16:12:47.551,1.25788,1.25807,1.13,2.25
2012.09.28 16:12:47.919,1.25786,1.25805,2.25,2.89
2012.09.28 16:12:48.775,1.25786,1.25803,1.50,1.39
2012.09.28 16:12:49.297,1.25784,1.25802,1.13,1.50
2012.09.28 16:12:49.611,1.25784,1.25798,1.13,1.50
2012.09.28 16:12:49.858,1.25782,1.25798,2.25,1.50
2012.09.28 16:12:49.952,1.25782,1.25802,1.88,1.50
2012.09.28 16:12:50.664,1.25782,1.25802,1.50,1.50
2012.09.28 16:12:50.754,1.25777,1.25802,2.25,1.50
2012.09.28 16:12:50.844,1.25776,1.25794,2.63,1.39
2012.09.28 16:12:51.162,1.25773,1.25791,1.13,1.50
2012.09.28 16:12:51.549,1.25772,1.25787,1.88,1.50
2012.09.28 16:12:52.120,1.25772,1.2579,1.88,1.50
2012.09.28 16:12:53.085,1.25776,1.2579,1.13,1.50
2012.09.28 16:12:53.185,1.25776,1.25794,1.13,2.89
2012.09.28 16:12:53.668,1.25777,1.25794,1.50,1.50
2012.09.28 16:12:53.839,1.25778,1.25798,1.50,2.89
2012.09.28 16:12:54.012,1.25777,1.25798,1.50,2.89
2012.09.28 16:12:54.181,1.25776,1.25794,1.13,1.50
2012.09.28 16:12:54.270,1.25775,1.25794,1.13,1.50
2012.09.28 16:12:54.682,1.25774,1.25792,1.88,1.50
2012.09.28 16:12:56.068,1.25776,1.25792,1.13,2.25
2012.09.28 16:12:56.831,1.25774,1.25789,1.13,1.50
2012.09.28 16:12:57.173,1.25771,1.25791,1.13,2.25
2012.09.28 16:12:57.506,1.25767,1.25788,1.88,1.50
2012.09.28 16:12:57.847,1.25767,1.25784,1.88,1.50
2012.09.28 16:12:57.949,1.25767,1.25788,1.88,1.50
2012.09.28 16:12:58.643,1.25768,1.2579,1.13,1.39
2012.09.28 16:12:58.974,1.25768,1.25788,1.13,1.50
2012.09.28 16:12:59.299,1.25768,1.25786,1.13,1.50
2012.09.28 16:13:02.984,1.25766,1.25789,2.63,3.00
2012.09.28 16:13:04.887,1.2577,1.25789,1.13,2.25
2012.09.28 16:13:05.631,1.25766,1.2579,1.13,1.39
2012.09.28 16:13:05.885,1.25768,1.25792,1.13,3.00
2012.09.28 16:13:06.232,1.25773,1.25795,1.88,1.58
2012.09.28 16:13:06.648,1.25775,1.25797,1.50,2.33
2012.09.28 16:13:06.821,1.25774,1.25797,2.25,2.33
2012.09.28 16:13:07.218,1.25775,1.25795,1.50,2.33
2012.09.28 16:13:07.657,1.25774,1.25795,2.25,2.33
2012.09.28 16:13:08.157,1.25771,1.25789,1.50,1.39
2012.09.28 16:13:08.266,1.25767,1.25787,1.50,1.50
2012.09.28 16:13:09.330,1.25767,1.25789,1.13,2.14
2012.09.28 16:13:09.879,1.25767,1.25786,1.13,1.50
2012.09.28 16:13:10.455,1.25767,1.25787,1.13,1.39
2012.09.28 16:13:11.059,1.2577,1.25787,1.13,1.39
2012.09.28 16:13:11.623,1.25766,1.25787,1.88,1.39
2012.09.28 16:13:12.597,1.25766,1.25786,1.13,1.39
2012.09.28 16:13:12.777,1.25762,1.25785,1.13,1.50
2012.09.28 16:13:12.871,1.25762,1.25779,1.13,1.39
2012.09.28 16:13:13.790,1.25752,1.2577,1.50,1.39
2012.09.28 16:13:14.131,1.25749,1.25766,3.08,1.39
2012.09.28 16:13:14.387,1.25749,1.25766,1.13,1.39
2012.09.28 16:13:14.557,1.25748,1.25766,1.13,1.39
2012.09.28 16:13:15.497,1.25745,1.25764,2.63,1.39
2012.09.28 16:13:16.008,1.25744,1.25762,1.13,1.39
2012.09.28 16:13:16.580,1.25746,1.25764,1.13,1.39
2012.09.28 16:13:17.610,1.25744,1.25764,2.25,2.14
2012.09.28 16:13:17.710,1.25736,1.25759,2.25,2.25
2012.09.28 16:13:17.808,1.25736,1.25759,2.63,2.25
2012.09.28 16:13:17.982,1.25736,1.25756,3.38,2.14
2012.09.28 16:13:18.478,1.25734,1.25756,2.63,2.14
2012.09.28 16:13:18.822,1.25732,1.25753,4.13,1.39
2012.09.28 16:13:18.924,1.25733,1.25753,1.13,2.89
2012.09.28 16:13:19.019,1.25733,1.25753,1.13,2.89
2012.09.28 16:13:19.117,1.25733,1.25753,1.13,1.39
2012.09.28 16:13:19.215,1.25731,1.25753,1.50,2.14
2012.09.28 16:13:19.834,1.25731,1.25751,1.13,1.50
2012.09.28 16:13:21.609,1.25729,1.25751,1.88,1.50
2012.09.28 16:13:21.714,1.2573,1.2575,1.13,1.13
2012.09.28 16:13:21.895,1.2573,1.25751,1.13,2.89
2012.09.28 16:13:22.076,1.2573,1.25751,1.13,3.64
2012.09.28 16:13:22.261,1.2573,1.25751,1.88,2.89
2012.09.28 16:13:22.349,1.2573,1.25751,2.63,2.14
2012.09.28 16:13:22.608,1.2573,1.25751,3.38,1.39
2012.09.28 16:13:22.702,1.25733,1.25753,1.88,3.00
2012.09.28 16:13:23.039,1.2574,1.25758,1.13,1.50
2012.09.28 16:13:23.213,1.25743,1.2576,1.13,1.50
2012.09.28 16:13:23.305,1.25743,1.25765,1.13,2.14
2012.09.28 16:13:24.046,1.25743,1.25765,1.13,1.39
2012.09.28 16:13:24.215,1.25743,1.25763,1.13,1.50
2012.09.28 16:13:25.315,1.25738,1.25764,2.25,3.00
2012.09.28 16:13:25.417,1.25736,1.25758,3.75,1.39
2012.09.28 16:13:25.756,1.25738,1.25758,1.50,1.39
2012.09.28 16:13:26.978,1.25739,1.2576,2.63,2.51
2012.09.28 16:13:27.329,1.25746,1.25763,1.88,1.39
2012.09.28 16:13:27.517,1.25748,1.25768,1.13,2.89
2012.09.28 16:13:27.693,1.25747,1.25768,3.00,2.14
2012.09.28 16:13:28.162,1.25745,1.25766,1.13,1.39
2012.09.28 16:13:29.140,1.25744,1.25766,1.13,1.39
2012.09.28 16:13:29.645,1.25744,1.25766,1.13,1.39
2012.09.28 16:13:29.742,1.25744,1.25766,1.88,2.14
2012.09.28 16:13:30.673,1.25749,1.25765,1.50,1.39
2012.09.28 16:13:30.786,1.25746,1.25765,2.63,1.39
2012.09.28 16:13:31.042,1.25751,1.25765,1.50,1.39
2012.09.28 16:13:31.369,1.25746,1.25765,1.13,1.39
2012.09.28 16:13:32.359,1.25745,1.25768,2.25,1.39
2012.09.28 16:13:35.941,1.25748,1.25766,1.50,1.39
2012.09.28 16:13:36.801,1.25746,1.25766,2.63,1.39
2012.09.28 16:13:36.893,1.25746,1.25768,2.63,1.39
2012.09.28 16:13:36.986,1.25748,1.25768,1.13,1.39
2012.09.28 16:13:37.350,1.2575,1.25772,1.50,2.14
2012.09.28 16:13:37.474,1.25752,1.25775,1.50,1.88
2012.09.28 16:13:37.592,1.25752,1.25771,1.13,1.50
2012.09.28 16:13:37.689,1.25752,1.25771,1.13,1.50
2012.09.28 16:13:37.785,1.25757,1.25771,1.50,1.50
2012.09.28 16:13:37.882,1.2575,1.25771,2.25,1.50
2012.09.28 16:13:38.074,1.25748,1.2577,2.63,2.25
2012.09.28 16:13:38.427,1.25752,1.25771,1.13,1.50
2012.09.28 16:13:40.028,1.25752,1.25772,1.13,2.14
2012.09.28 16:13:40.600,1.25752,1.25773,1.13,2.25
2012.09.28 16:13:41.276,1.25751,1.25773,1.13,2.25
2012.09.28 16:13:41.962,1.2575,1.25772,1.13,2.14
2012.09.28 16:13:43.449,1.2575,1.2577,1.13,3.00
2012.09.28 16:13:44.912,1.25748,1.25769,1.50,1.50
2012.09.28 16:13:45.385,1.25747,1.25766,1.13,1.50
2012.09.28 16:13:45.753,1.25746,1.25768,1.50,2.25
2012.09.28 16:13:46.196,1.25744,1.25765,2.25,2.14
2012.09.28 16:13:46.509,1.25744,1.25765,1.50,2.89
2012.09.28 16:13:46.913,1.25743,1.25765,1.13,2.14
2012.09.28 16:13:47.248,1.25742,1.25763,2.25,1.50
2012.09.28 16:13:47.753,1.2574,1.25763,2.25,2.25
2012.09.28 16:13:49.404,1.25738,1.2576,1.50,2.25
2012.09.28 16:13:49.813,1.25742,1.25762,2.25,1.13
2012.09.28 16:13:50.150,1.2574,1.25758,1.50,1.50
2012.09.28 16:13:50.242,1.2574,1.25758,1.50,1.50
2012.09.28 16:13:50.411,1.25738,1.25758,2.63,1.50
2012.09.28 16:13:50.582,1.25738,1.25758,1.88,2.89
2012.09.28 16:13:51.948,1.25742,1.25759,1.13,1.50
2012.09.28 16:13:52.506,1.25742,1.25759,1.13,3.00
2012.09.28 16:13:53.967,1.25741,1.25756,1.13,1.50
2012.09.28 16:13:54.347,1.25741,1.25758,1.13,3.00
2012.09.28 16:13:55.295,1.25742,1.2576,1.13,2.14
2012.09.28 16:13:55.688,1.25743,1.2576,1.13,2.14
2012.09.28 16:13:56.197,1.25741,1.25762,1.13,2.25
2012.09.28 16:13:56.768,1.25741,1.25757,1.50,1.50
2012.09.28 16:13:57.345,1.25738,1.25757,1.13,3.64
2012.09.28 16:13:58.772,1.25736,1.25757,1.13,3.64
2012.09.28 16:14:01.427,1.25736,1.25756,1.13,2.14
2012.09.28 16:14:01.746,1.25736,1.25756,1.13,2.14
2012.09.28 16:14:02.162,1.25736,1.25755,1.13,1.50
2012.09.28 16:14:02.407,1.2574,1.25761,2.25,1.50
2012.09.28 16:14:02.638,1.25741,1.25761,1.88,1.50
2012.09.28 16:14:02.964,1.25744,1.25764,1.13,1.50
2012.09.28 16:14:05.151,1.25743,1.25765,1.50,2.25
2012.09.28 16:14:05.256,1.25745,1.25763,1.50,1.50
2012.09.28 16:14:05.361,1.25742,1.25758,1.88,1.50
2012.09.28 16:14:05.453,1.25742,1.25755,1.88,1.50
2012.09.28 16:14:05.550,1.25741,1.25755,1.88,1.50
2012.09.28 16:14:05.723,1.25739,1.25751,1.88,1.50
2012.09.28 16:14:06.050,1.25736,1.25749,1.50,1.50
2012.09.28 16:14:06.142,1.25734,1.25749,1.88,1.50
2012.09.28 16:14:06.391,1.25734,1.25749,1.50,1.50
2012.09.28 16:14:06.982,1.25732,1.25749,3.00,1.50
2012.09.28 16:14:07.368,1.25732,1.25752,3.00,1.50
2012.09.28 16:14:07.465,1.25732,1.25747,1.13,1.13
2012.09.28 16:14:07.729,1.25722,1.25744,3.00,1.50
2012.09.28 16:14:08.243,1.2572,1.25743,3.00,3.64
2012.09.28 16:14:10.089,1.25717,1.25737,1.50,1.50
2012.09.28 16:14:10.367,1.25715,1.25737,2.25,2.25
2012.09.28 16:14:10.729,1.25715,1.25736,2.25,1.50
2012.09.28 16:14:11.054,1.25715,1.25736,2.25,1.50
2012.09.28 16:14:11.143,1.25715,1.25736,2.25,1.50
2012.09.28 16:14:13.656,1.25716,1.25737,1.50,2.63
2012.09.28 16:14:14.219,1.25716,1.25737,1.50,2.25
2012.09.28 16:14:15.058,1.25716,1.25738,1.50,1.50
2012.09.28 16:14:17.012,1.25718,1.25738,1.13,1.50
2012.09.28 16:14:17.578,1.25718,1.25738,1.13,1.50
2012.09.28 16:14:18.554,1.25723,1.25745,3.75,1.50
2012.09.28 16:14:19.127,1.25723,1.25747,3.00,3.00
2012.09.28 16:14:19.308,1.25727,1.25747,1.88,2.25
2012.09.28 16:14:20.264,1.25728,1.2575,1.50,2.14
2012.09.28 16:14:21.226,1.25728,1.2575,2.25,2.14
2012.09.28 16:14:21.629,1.25728,1.2575,1.50,2.14
2012.09.28 16:14:23.026,1.25727,1.25748,1.13,1.50
2012.09.28 16:14:24.319,1.25727,1.25747,1.13,1.50
2012.09.28 16:14:24.413,1.25726,1.25741,2.25,1.50
2012.09.28 16:14:24.942,1.25719,1.25742,2.25,2.51
2012.09.28 16:14:25.040,1.25717,1.25738,2.25,1.50
2012.09.28 16:14:26.592,1.25717,1.25738,3.00,1.50
2012.09.28 16:14:27.036,1.25717,1.25738,3.00,1.50
2012.09.28 16:14:27.409,1.25717,1.2574,3.00,3.00
2012.09.28 16:14:27.740,1.25717,1.2574,3.00,3.00
2012.09.28 16:14:27.833,1.25717,1.2574,3.00,3.00
2012.09.28 16:14:28.156,1.25717,1.2574,2.25,3.00
2012.09.28 16:14:28.253,1.25719,1.2574,2.25,2.25
2012.09.28 16:14:28.345,1.25722,1.25741,1.13,1.50
2012.09.28 16:14:28.523,1.25723,1.25747,1.50,2.25
2012.09.28 16:14:28.611,1.25724,1.25747,1.50,1.50
2012.09.28 16:14:29.517,1.25723,1.25748,2.25,3.75
2012.09.28 16:14:30.035,1.25723,1.25744,1.50,1.50
2012.09.28 16:14:30.321,1.25724,1.25744,1.50,1.50
2012.09.28 16:14:31.371,1.25724,1.25747,1.50,2.25
2012.09.28 16:14:31.723,1.25722,1.25743,1.13,2.25
2012.09.28 16:14:32.055,1.25722,1.25743,1.13,2.25
2012.09.28 16:14:32.163,1.25719,1.25743,2.25,3.38
2012.09.28 16:14:32.253,1.25719,1.25743,3.00,2.63
2012.09.28 16:14:32.423,1.25719,1.25741,1.50,2.14
2012.09.28 16:14:32.529,1.25716,1.2574,4.13,2.25
2012.09.28 16:14:33.068,1.25716,1.2574,3.38,2.25
2012.09.28 16:14:33.419,1.25717,1.25733,1.13,2.25
2012.09.28 16:14:33.945,1.25712,1.25735,1.88,2.25
2012.09.28 16:14:34.045,1.25712,1.25735,1.88,2.25
2012.09.28 16:14:34.320,1.25709,1.25731,3.75,2.25
2012.09.28 16:14:35.039,1.25711,1.25728,1.88,2.25
2012.09.28 16:14:35.136,1.25709,1.25728,1.50,2.25
2012.09.28 16:14:36.519,1.25711,1.25728,1.50,1.50
2012.09.28 16:14:36.774,1.25716,1.25735,1.50,1.13
2012.09.28 16:14:37.290,1.25715,1.25735,2.25,1.50
2012.09.28 16:14:39.348,1.25716,1.25736,1.50,2.63
2012.09.28 16:14:39.530,1.25716,1.25736,1.50,2.25
2012.09.28 16:14:40.645,1.25715,1.25736,1.50,2.63
2012.09.28 16:14:41.149,1.25715,1.25736,3.00,1.13
2012.09.28 16:14:41.711,1.25716,1.25734,1.50,2.25
2012.09.28 16:14:41.808,1.25716,1.25735,1.50,1.50
2012.09.28 16:14:44.198,1.25716,1.25735,2.25,1.50
2012.09.28 16:14:44.884,1.25714,1.25735,2.25,1.13
2012.09.28 16:14:44.989,1.25714,1.25734,1.50,1.50
2012.09.28 16:14:45.085,1.25714,1.25734,1.50,1.50
2012.09.28 16:14:45.266,1.25715,1.25737,1.88,1.13
2012.09.28 16:14:45.364,1.25719,1.25742,1.50,2.25
2012.09.28 16:14:45.695,1.25719,1.25737,1.50,1.50
2012.09.28 16:14:45.789,1.25717,1.25738,1.50,2.25
2012.09.28 16:14:48.584,1.25717,1.25739,1.50,1.50
2012.09.28 16:14:49.489,1.25717,1.25741,3.00,2.25
2012.09.28 16:14:50.963,1.25722,1.25742,1.50,2.14
2012.09.28 16:14:51.971,1.25722,1.25737,1.50,1.50
2012.09.28 16:14:52.061,1.25718,1.25737,1.50,2.25
2012.09.28 16:14:52.316,1.25718,1.25738,1.50,2.25
2012.09.28 16:14:52.398,1.25718,1.25737,1.50,1.13
2012.09.28 16:14:52.906,1.25716,1.25735,1.50,1.13
2012.09.28 16:14:53.241,1.25716,1.25739,1.50,1.50
2012.09.28 16:14:53.334,1.25716,1.2574,1.50,1.88
2012.09.28 16:14:55.592,1.25718,1.2574,2.25,1.50
2012.09.28 16:14:55.922,1.25718,1.25739,1.50,1.50
2012.09.28 16:14:56.011,1.25718,1.2574,2.25,1.50
2012.09.28 16:14:56.348,1.25718,1.25739,1.50,1.50
2012.09.28 16:14:56.607,1.25718,1.2574,2.25,1.50
2012.09.28 16:14:56.705,1.25718,1.25739,1.50,1.88
2012.09.28 16:14:56.958,1.25719,1.25739,1.50,1.13
2012.09.28 16:14:58.550,1.25719,1.25742,1.50,1.88
2012.09.28 16:14:58.643,1.25718,1.25739,2.25,1.50
2012.09.28 16:14:59.473,1.2572,1.25739,2.25,1.13
2012.09.28 16:14:59.575,1.25715,1.25737,1.50,3.00
2012.09.28 16:15:00.924,1.2571,1.25733,1.50,2.25
2012.09.28 16:15:01.093,1.25711,1.25733,1.50,2.25
2012.09.28 16:15:01.756,1.25713,1.25734,1.50,1.50
2012.09.28 16:15:01.918,1.25713,1.25734,1.50,1.50
2012.09.28 16:15:02.088,1.25713,1.25734,2.89,1.50
2012.09.28 16:15:02.417,1.2572,1.25738,1.50,1.50
2012.09.28 16:15:02.749,1.2572,1.25738,1.50,1.50
2012.09.28 16:15:02.841,1.25717,1.25738,3.00,1.50
2012.09.28 16:15:03.094,1.25714,1.25734,2.25,1.50
2012.09.28 16:15:03.187,1.25714,1.25734,1.50,1.50
2012.09.28 16:15:03.957,1.25713,1.25734,2.25,1.50
2012.09.28 16:15:04.303,1.25717,1.25734,1.50,1.50
2012.09.28 16:15:04.642,1.2572,1.25734,1.50,1.50
2012.09.28 16:15:04.983,1.2572,1.25734,1.50,1.50
2012.09.28 16:15:05.394,1.25724,1.25738,1.50,2.63
2012.09.28 16:15:05.976,1.25726,1.25741,1.50,1.13
2012.09.28 16:15:06.060,1.25729,1.25741,1.50,1.13
2012.09.28 16:15:07.452,1.25729,1.2574,1.50,1.50
2012.09.28 16:15:07.553,1.25723,1.25744,1.39,3.60
2012.09.28 16:15:08.256,1.2573,1.25749,2.25,1.50
2012.09.28 16:15:08.360,1.25731,1.25752,2.25,1.50
2012.09.28 16:15:08.531,1.25734,1.25752,1.13,1.50
2012.09.28 16:15:08.705,1.25733,1.25752,2.63,1.50
2012.09.28 16:15:08.810,1.25739,1.25752,1.50,1.50
2012.09.28 16:15:09.699,1.25739,1.25758,2.25,1.88
2012.09.28 16:15:10.103,1.25743,1.25758,1.50,1.88
2012.09.28 16:15:10.628,1.25743,1.25754,1.50,1.50
2012.09.28 16:15:10.727,1.25737,1.25757,2.25,2.70
2012.09.28 16:15:10.835,1.25742,1.25759,1.50,2.40
2012.09.28 16:15:11.741,1.25742,1.25754,1.50,1.50
2012.09.28 16:15:11.833,1.2574,1.25754,1.50,1.50
2012.09.28 16:15:12.724,1.2574,1.25754,1.50,1.50
2012.09.28 16:15:13.267,1.25737,1.25754,1.39,1.50
2012.09.28 16:15:13.425,1.25734,1.25753,1.50,1.13
2012.09.28 16:15:14.039,1.25733,1.25753,3.00,1.50
2012.09.28 16:15:15.074,1.25733,1.25753,2.25,1.50
2012.09.28 16:15:16.186,1.25733,1.25753,2.25,1.50
2012.09.28 16:15:16.752,1.25733,1.25753,1.50,1.13
2012.09.28 16:15:17.540,1.25731,1.25752,1.50,1.50
2012.09.28 16:15:18.400,1.25732,1.25752,1.50,1.50
2012.09.28 16:15:18.569,1.25735,1.25752,1.50,1.50
2012.09.28 16:15:19.962,1.25731,1.25752,3.00,1.13
2012.09.28 16:15:21.933,1.25731,1.25752,2.25,1.13
2012.09.28 16:15:22.024,1.2573,1.25752,1.50,2.63
2012.09.28 16:15:23.218,1.25732,1.25752,1.50,2.63
2012.09.28 16:15:23.328,1.25746,1.2576,1.13,2.55
2012.09.28 16:15:23.505,1.25746,1.25761,1.13,1.88
2012.09.28 16:15:23.606,1.25746,1.25763,1.13,2.25
2012.09.28 16:15:23.786,1.25747,1.25768,2.14,1.50
2012.09.28 16:15:24.377,1.25749,1.25768,1.50,1.50
2012.09.28 16:15:24.479,1.25748,1.25768,1.13,1.50
2012.09.28 16:15:24.731,1.25749,1.25768,1.50,1.50
2012.09.28 16:15:25.183,1.2575,1.25771,1.13,1.50
2012.09.28 16:15:25.454,1.25749,1.25769,1.13,1.50
2012.09.28 16:15:25.956,1.25749,1.25767,1.13,1.50
2012.09.28 16:15:28.509,1.2575,1.25769,1.88,1.50
2012.09.28 16:15:29.987,1.25746,1.25769,1.88,2.25
2012.09.28 16:15:30.082,1.25746,1.25769,3.00,2.25
2012.09.28 16:15:30.173,1.25746,1.25766,2.25,1.50
2012.09.28 16:15:31.156,1.25746,1.25767,1.50,2.25
2012.09.28 16:15:31.335,1.25745,1.25767,1.13,2.25
2012.09.28 16:15:31.504,1.25743,1.25766,2.63,1.13
2012.09.28 16:15:32.656,1.25741,1.25764,1.39,2.25
2012.09.28 16:15:33.920,1.25741,1.25762,1.39,1.50
2012.09.28 16:15:34.012,1.25739,1.25761,2.89,1.50
2012.09.28 16:15:34.759,1.25737,1.2576,1.39,2.25
2012.09.28 16:15:35.882,1.2574,1.25761,1.50,1.50
2012.09.28 16:15:37.629,1.25737,1.25761,2.89,1.50
2012.09.28 16:15:39.718,1.25737,1.25761,2.89,2.25
2012.09.28 16:15:41.046,1.25737,1.25759,1.39,1.50
2012.09.28 16:15:41.641,1.25736,1.25759,1.50,1.50
2012.09.28 16:15:42.781,1.25734,1.25759,2.89,1.50
2012.09.28 16:15:44.898,1.25734,1.25759,3.64,1.50
2012.09.28 16:15:45.308,1.25739,1.2576,1.13,3.00
2012.09.28 16:15:45.398,1.25739,1.2576,1.50,2.25
2012.09.28 16:15:46.077,1.25736,1.2576,2.25,2.25
2012.09.28 16:15:46.238,1.25736,1.25758,1.50,2.25
2012.09.28 16:15:46.414,1.25733,1.25755,1.13,2.25
2012.09.28 16:15:47.332,1.25731,1.25756,3.38,1.50
2012.09.28 16:15:47.419,1.25731,1.25756,3.00,1.50
2012.09.28 16:15:47.736,1.25732,1.25756,1.39,1.50
2012.09.28 16:15:49.647,1.25731,1.25756,3.64,1.50
2012.09.28 16:15:51.922,1.25732,1.25756,1.39,1.50
2012.09.28 16:15:52.341,1.25732,1.25755,1.39,1.13
2012.09.28 16:15:52.671,1.25729,1.25753,3.38,2.25
2012.09.28 16:15:52.760,1.2573,1.25753,1.50,2.25
2012.09.28 16:15:52.850,1.2573,1.25753,1.50,2.63
2012.09.28 16:15:53.210,1.25729,1.2575,3.00,1.13
2012.09.28 16:15:53.303,1.25729,1.25751,3.00,1.13
2012.09.28 16:15:53.395,1.25729,1.2575,3.00,1.13
2012.09.28 16:15:53.949,1.25729,1.25751,3.00,1.13
2012.09.28 16:15:54.194,1.25732,1.25754,1.50,1.88
2012.09.28 16:15:54.371,1.25732,1.25754,2.25,1.88
2012.09.28 16:15:54.701,1.25735,1.25754,2.25,1.88
2012.09.28 16:15:55.223,1.25735,1.25754,2.25,1.88
2012.09.28 16:15:58.198,1.25736,1.25758,1.50,2.63
2012.09.28 16:15:58.762,1.25737,1.2576,1.50,2.63
2012.09.28 16:15:58.847,1.25739,1.2576,1.50,1.13
2012.09.28 16:15:59.621,1.25737,1.25759,1.88,2.25
2012.09.28 16:16:00.084,1.25737,1.25762,1.88,4.50
2012.09.28 16:16:01.821,1.25737,1.25758,2.63,1.50
2012.09.28 16:16:02.367,1.25737,1.25758,1.13,2.25
2012.09.28 16:16:04.009,1.25737,1.25756,1.13,1.50
2012.09.28 16:16:04.101,1.25733,1.25751,1.13,1.50
2012.09.28 16:16:04.788,1.25733,1.25751,1.13,1.50
2012.09.28 16:16:05.260,1.25733,1.25751,1.13,1.50
2012.09.28 16:16:06.193,1.25731,1.25751,2.25,1.50
2012.09.28 16:16:06.961,1.2573,1.25748,1.50,1.50
2012.09.28 16:16:07.535,1.25731,1.25748,1.50,1.50
2012.09.28 16:16:08.325,1.25731,1.25751,1.50,3.00
2012.09.28 16:16:08.496,1.25731,1.25751,1.50,1.50
2012.09.28 16:16:10.772,1.25731,1.25754,1.50,2.25
2012.09.28 16:16:10.943,1.25734,1.25754,1.39,2.25
2012.09.28 16:16:11.945,1.25734,1.25757,2.25,1.50
2012.09.28 16:16:12.740,1.25738,1.25758,1.50,2.63
2012.09.28 16:16:14.647,1.25738,1.25758,2.25,1.88
2012.09.28 16:16:14.738,1.25738,1.25758,2.25,1.50
2012.09.28 16:16:15.257,1.25736,1.25758,1.50,1.50
2012.09.28 16:16:18.379,1.25739,1.25758,1.50,1.50
2012.09.28 16:16:18.683,1.25737,1.25758,1.50,2.25
2012.09.28 16:16:19.238,1.25737,1.25758,1.50,3.00
2012.09.28 16:16:20.684,1.25736,1.25758,1.50,2.25
2012.09.28 16:16:20.793,1.25739,1.25762,1.39,2.63
2012.09.28 16:16:22.126,1.25736,1.25761,4.50,1.50
2012.09.28 16:16:22.212,1.25736,1.25758,2.25,1.50
2012.09.28 16:16:23.834,1.25737,1.25762,1.13,2.25
2012.09.28 16:16:24.160,1.25738,1.25762,1.39,2.25
2012.09.28 16:16:25.120,1.2574,1.25764,2.63,3.00
2012.09.28 16:16:25.915,1.25743,1.25763,1.50,1.50
2012.09.28 16:16:26.647,1.2575,1.25768,1.88,1.50
2012.09.28 16:16:27.172,1.2575,1.25773,2.63,3.00
2012.09.28 16:16:30.937,1.2575,1.25769,2.63,1.50
2012.09.28 16:16:31.113,1.25748,1.25768,1.13,2.25
2012.09.28 16:16:31.440,1.25749,1.25768,1.50,2.25
2012.09.28 16:16:32.135,1.25751,1.25771,2.25,1.13
2012.09.28 16:16:32.243,1.25754,1.25773,2.25,1.13
2012.09.28 16:16:32.676,1.25754,1.25778,1.50,3.00
2012.09.28 16:16:33.223,1.25754,1.25778,2.25,2.25
2012.09.28 16:16:34.092,1.25758,1.25779,1.50,1.50
2012.09.28 16:16:34.266,1.25758,1.25779,1.50,1.50
2012.09.28 16:16:34.370,1.25761,1.25779,1.50,1.50
2012.09.28 16:16:34.621,1.25761,1.25781,2.25,2.25
2012.09.28 16:16:34.797,1.25764,1.25783,1.50,1.50
2012.09.28 16:16:35.138,1.25766,1.25786,2.25,1.50
2012.09.28 16:16:35.690,1.25766,1.25788,2.25,3.38
2012.09.28 16:16:36.573,1.25766,1.25788,2.25,2.25
2012.09.28 16:16:37.778,1.25767,1.25788,1.50,1.50
2012.09.28 16:16:39.754,1.25767,1.25788,2.25,1.50
2012.09.28 16:16:41.420,1.2577,1.25792,3.00,1.50
2012.09.28 16:16:42.847,1.2577,1.2579,2.25,1.50
2012.09.28 16:16:43.901,1.25768,1.2579,1.50,1.50
2012.09.28 16:16:43.990,1.25768,1.2579,1.50,1.50
2012.09.28 16:16:44.159,1.25768,1.2579,1.50,1.50
2012.09.28 16:16:46.158,1.25767,1.2579,1.50,1.50
2012.09.28 16:16:48.797,1.25767,1.2579,2.25,1.50
2012.09.28 16:16:49.215,1.25772,1.2579,1.50,1.50
2012.09.28 16:16:49.540,1.25789,1.25795,2.25,1.88
2012.09.28 16:16:49.642,1.25792,1.25799,1.50,1.43
2012.09.28 16:16:49.739,1.2579,1.25802,3.00,1.20
2012.09.28 16:16:49.927,1.25795,1.25803,1.39,1.20
2012.09.28 16:16:50.284,1.25802,1.25817,1.13,1.63
2012.09.28 16:16:50.454,1.25802,1.25825,1.13,1.50
2012.09.28 16:16:53.092,1.258,1.25824,3.38,1.50
2012.09.28 16:16:53.188,1.258,1.25816,1.13,1.50
2012.09.28 16:16:53.759,1.25797,1.25815,1.50,1.50
2012.09.28 16:16:54.505,1.25797,1.25819,2.25,1.50
2012.09.28 16:16:59.281,1.25798,1.25818,1.13,1.39
2012.09.28 16:16:59.371,1.25797,1.25818,2.25,2.14
2012.09.28 16:17:00.083,1.25797,1.25817,2.63,2.14
2012.09.28 16:17:00.649,1.258,1.25815,1.50,1.50
2012.09.28 16:17:01.056,1.25797,1.25817,2.25,2.14
2012.09.28 16:17:02.395,1.25799,1.25816,1.50,1.39
2012.09.28 16:17:03.528,1.25797,1.25816,2.25,1.39
2012.09.28 16:17:06.145,1.25797,1.25816,2.25,2.14
2012.09.28 16:17:06.303,1.25797,1.25816,1.50,2.14
2012.09.28 16:17:06.473,1.25791,1.25816,3.38,2.14
2012.09.28 16:17:06.574,1.25792,1.25813,1.13,2.25
2012.09.28 16:17:08.999,1.25792,1.25814,1.88,1.39
2012.09.28 16:17:09.845,1.25792,1.25814,1.88,2.14
2012.09.28 16:17:12.851,1.25794,1.25813,1.50,1.50
2012.09.28 16:17:13.177,1.25794,1.25811,1.50,1.88
2012.09.28 16:17:13.275,1.25786,1.25808,2.25,2.25
2012.09.28 16:17:13.366,1.25786,1.25805,2.25,1.39
2012.09.28 16:17:13.615,1.25787,1.25808,1.50,2.25
2012.09.28 16:17:13.979,1.25786,1.25811,3.75,4.76
2012.09.28 16:17:14.077,1.2579,1.25811,2.25,2.51
2012.09.28 16:17:14.178,1.25798,1.25812,1.50,1.50
2012.09.28 16:17:15.068,1.25798,1.25814,1.50,2.25
2012.09.28 16:17:15.191,1.25791,1.25814,1.50,1.50
2012.09.28 16:17:15.724,1.25791,1.25814,1.50,2.25
2012.09.28 16:17:16.337,1.25792,1.25817,4.13,3.64
2012.09.28 16:17:16.677,1.25799,1.25813,1.13,1.50
2012.09.28 16:17:16.854,1.25797,1.25813,1.13,1.50
2012.09.28 16:17:18.051,1.25799,1.25813,1.13,1.50
2012.09.28 16:17:18.141,1.25797,1.25813,1.13,1.50
2012.09.28 16:17:20.137,1.25797,1.25817,1.13,3.64
2012.09.28 16:17:25.200,1.25799,1.25814,1.13,1.50
2012.09.28 16:17:25.297,1.25796,1.25814,1.50,1.50
2012.09.28 16:17:28.589,1.25796,1.25816,1.50,1.50
2012.09.28 16:17:28.753,1.25799,1.25818,1.13,2.25
2012.09.28 16:17:28.917,1.25799,1.25821,1.13,4.39
2012.09.28 16:17:29.246,1.25796,1.25817,1.50,2.25
2012.09.28 16:17:29.558,1.25796,1.25814,1.50,2.89
2012.09.28 16:17:31.583,1.25799,1.25814,1.13,2.89
2012.09.28 16:17:31.922,1.25799,1.25816,1.13,1.50
2012.09.28 16:17:32.011,1.25796,1.25816,1.50,1.50
2012.09.28 16:17:32.181,1.25796,1.25819,1.50,1.50
2012.09.28 16:17:32.643,1.25799,1.2582,1.13,2.25
2012.09.28 16:17:33.019,1.25799,1.25817,1.13,1.50
2012.09.28 16:17:33.846,1.25796,1.25815,1.50,1.50
2012.09.28 16:17:33.962,1.25796,1.25818,1.50,1.50
2012.09.28 16:17:34.518,1.25796,1.25817,1.50,1.39
2012.09.28 16:17:36.673,1.25799,1.25817,1.13,1.39
2012.09.28 16:17:36.765,1.25797,1.25818,1.50,2.14
2012.09.28 16:17:36.848,1.25799,1.25818,1.13,1.39
2012.09.28 16:17:37.015,1.25797,1.25818,1.50,2.14
2012.09.28 16:17:37.097,1.25799,1.25818,1.13,1.39
2012.09.28 16:17:37.739,1.25797,1.25817,1.13,2.25
2012.09.28 16:17:37.984,1.25799,1.25817,1.13,3.00
2012.09.28 16:17:38.285,1.25797,1.25816,1.50,1.39
2012.09.28 16:17:38.369,1.25799,1.25817,1.13,1.50
2012.09.28 16:17:38.458,1.25799,1.25819,1.13,1.50
2012.09.28 16:17:39.673,1.25799,1.2582,1.13,1.50
2012.09.28 16:17:40.297,1.25801,1.2582,2.25,1.50
2012.09.28 16:17:40.866,1.25803,1.2582,1.13,1.50
2012.09.28 16:17:41.127,1.25801,1.2582,2.63,1.50
2012.09.28 16:17:42.777,1.25801,1.2582,1.88,2.25
2012.09.28 16:17:43.019,1.25799,1.25816,1.88,1.50
2012.09.28 16:17:43.909,1.25799,1.25819,1.13,1.50
2012.09.28 16:17:44.000,1.258,1.2582,1.88,1.50
2012.09.28 16:17:45.627,1.25798,1.2582,1.13,1.50
2012.09.28 16:17:46.167,1.25797,1.25812,1.13,1.50
2012.09.28 16:17:46.512,1.25785,1.25798,2.25,1.50
2012.09.28 16:17:46.682,1.25783,1.25804,1.13,4.39
2012.09.28 16:17:46.840,1.25783,1.25804,1.13,3.64
2012.09.28 16:17:47.174,1.25783,1.25799,1.13,1.39
2012.09.28 16:17:47.936,1.25781,1.25803,1.13,2.14
2012.09.28 16:17:48.059,1.25778,1.25795,1.50,1.50
2012.09.28 16:17:48.395,1.25778,1.25792,1.13,1.50
2012.09.28 16:17:48.791,1.25777,1.25796,1.13,2.89
2012.09.28 16:17:49.354,1.25777,1.25788,1.13,1.50
2012.09.28 16:17:49.526,1.25777,1.25794,1.13,2.25
2012.09.28 16:17:50.317,1.25777,1.25795,1.50,3.75
2012.09.28 16:17:50.860,1.25777,1.25793,2.25,2.25
2012.09.28 16:17:50.963,1.25777,1.25797,1.88,1.50
2012.09.28 16:17:51.228,1.25777,1.25797,1.88,1.50
2012.09.28 16:17:52.190,1.25777,1.25797,1.88,1.50
2012.09.28 16:17:52.518,1.25777,1.25797,1.88,1.50
2012.09.28 16:17:52.945,1.25777,1.25797,1.88,1.50
2012.09.28 16:17:53.278,1.25777,1.25799,1.88,2.25
2012.09.28 16:17:55.047,1.25781,1.25799,1.50,2.25
2012.09.28 16:17:55.422,1.25786,1.25805,1.13,1.50
2012.09.28 16:17:55.607,1.25786,1.25803,1.13,1.50
2012.09.28 16:17:55.809,1.25782,1.25803,2.63,1.50
2012.09.28 16:17:55.997,1.25782,1.25803,1.50,1.50
2012.09.28 16:17:56.357,1.25785,1.25802,1.50,1.39
2012.09.28 16:17:57.039,1.25787,1.25806,1.13,1.50
2012.09.28 16:17:57.467,1.25787,1.25808,2.63,1.50
2012.09.28 16:17:57.565,1.25787,1.25809,2.63,2.25
2012.09.28 16:17:58.127,1.25787,1.2581,2.70,2.25
2012.09.28 16:17:58.996,1.25787,1.2581,2.70,2.25
2012.09.28 16:17:59.408,1.25787,1.25809,1.95,1.50
2012.09.28 16:17:59.791,1.25793,1.25809,1.13,1.50
2012.09.28 16:17:59.984,1.25791,1.25808,1.13,1.50
2012.09.28 16:18:00.422,1.25786,1.25806,3.08,1.13
2012.09.28 16:18:01.733,1.25786,1.25806,2.25,1.13
2012.09.28 16:18:02.302,1.25786,1.25807,2.25,1.88
2012.09.28 16:18:02.949,1.25786,1.25807,2.25,1.88
2012.09.28 16:18:03.047,1.25786,1.25809,2.25,1.39
2012.09.28 16:18:03.129,1.25789,1.2581,1.13,4.13
2012.09.28 16:18:03.300,1.25786,1.25807,2.25,1.13
2012.09.28 16:18:03.392,1.25783,1.25806,1.50,1.50
2012.09.28 16:18:03.902,1.25782,1.25806,1.13,2.25
2012.09.28 16:18:04.312,1.25782,1.25806,1.13,2.25
2012.09.28 16:18:05.475,1.25782,1.25806,1.13,2.89
2012.09.28 16:18:07.546,1.25781,1.25806,1.13,2.89
2012.09.28 16:18:08.712,1.25781,1.25802,1.13,1.50
2012.09.28 16:18:13.431,1.25782,1.25806,1.13,2.25
2012.09.28 16:18:17.862,1.25781,1.25806,1.88,3.00
2012.09.28 16:18:18.593,1.25781,1.25806,1.88,3.00
2012.09.28 16:18:18.769,1.25781,1.25806,1.88,3.00
2012.09.28 16:18:19.563,1.25782,1.25806,1.50,2.25
2012.09.28 16:18:26.455,1.25784,1.25806,2.63,1.50
2012.09.28 16:18:27.176,1.25784,1.25808,4.13,1.50
2012.09.28 16:18:28.096,1.25784,1.25808,4.13,2.25
2012.09.28 16:18:28.739,1.25784,1.25807,3.75,1.13
2012.09.28 16:18:30.236,1.25788,1.25811,1.13,1.88
2012.09.28 16:18:30.537,1.25795,1.25818,1.13,2.25
2012.09.28 16:18:30.640,1.25796,1.25819,2.51,3.00
2012.09.28 16:18:30.747,1.25798,1.25819,1.50,1.50
2012.09.28 16:18:30.940,1.25798,1.25823,1.13,2.25
2012.09.28 16:18:31.128,1.25798,1.25821,1.13,1.50
2012.09.28 16:18:31.225,1.25798,1.25821,1.13,1.50
2012.09.28 16:18:31.310,1.25798,1.25821,1.13,1.50
2012.09.28 16:18:31.589,1.25801,1.25824,1.50,1.13
2012.09.28 16:18:31.686,1.25805,1.25828,1.50,2.25
2012.09.28 16:18:31.943,1.25806,1.25828,1.13,1.50
2012.09.28 16:18:32.442,1.25806,1.2583,1.50,1.50
2012.09.28 16:18:34.935,1.25809,1.2583,1.13,2.25
2012.09.28 16:18:35.206,1.25816,1.25836,1.13,1.50
2012.09.28 16:18:35.385,1.25816,1.25839,1.13,1.50
2012.09.28 16:18:35.472,1.25815,1.25839,1.13,2.25
2012.09.28 16:18:35.993,1.25811,1.25833,1.13,1.50
2012.09.28 16:18:36.104,1.25808,1.25833,1.50,1.50
2012.09.28 16:18:36.379,1.25804,1.25828,1.13,2.25
2012.09.28 16:18:36.474,1.25802,1.25825,1.50,1.13
2012.09.28 16:18:36.761,1.25798,1.25822,1.88,1.50
2012.09.28 16:18:39.354,1.25796,1.25821,1.50,1.50
2012.09.28 16:18:40.711,1.25795,1.2582,1.50,1.88
2012.09.28 16:18:42.754,1.25795,1.25819,1.50,2.14
2012.09.28 16:18:42.857,1.25795,1.2582,1.50,2.51
2012.09.28 16:18:43.792,1.25793,1.25819,3.38,2.14
2012.09.28 16:18:44.550,1.25793,1.25815,4.13,1.39
2012.09.28 16:18:47.113,1.25793,1.25814,1.13,1.39
2012.09.28 16:18:47.292,1.25792,1.25814,2.25,1.39
2012.09.28 16:18:47.849,1.25793,1.25814,1.13,1.39
2012.09.28 16:18:49.262,1.25793,1.25815,1.13,1.39
2012.09.28 16:18:50.717,1.25793,1.25817,1.13,1.39
2012.09.28 16:18:51.601,1.25794,1.25819,1.13,1.88
2012.09.28 16:18:52.162,1.25794,1.2582,1.13,1.88
2012.09.28 16:18:59.181,1.25793,1.25819,2.63,1.13
2012.09.28 16:19:00.622,1.25795,1.2582,1.50,1.88
2012.09.28 16:19:02.364,1.25797,1.25819,1.50,1.13
2012.09.28 16:19:04.091,1.25793,1.25818,1.50,2.14
2012.09.28 16:19:06.340,1.25792,1.25818,1.13,2.14
2012.09.28 16:19:06.680,1.25792,1.25818,1.13,2.14
2012.09.28 16:19:08.232,1.25793,1.25818,1.50,1.50
2012.09.28 16:19:08.565,1.25792,1.25818,2.63,2.25
2012.09.28 16:19:09.027,1.25793,1.25818,1.50,1.50
2012.09.28 16:19:09.656,1.25792,1.25818,2.25,1.50
2012.09.28 16:19:09.976,1.25792,1.25817,1.13,1.50
2012.09.28 16:19:10.157,1.25791,1.25817,3.00,2.25
2012.09.28 16:19:10.870,1.25791,1.25817,1.50,1.50
2012.09.28 16:19:11.172,1.25792,1.25817,1.13,1.50
2012.09.28 16:19:11.482,1.25792,1.25815,1.13,1.39
2012.09.28 16:19:13.176,1.25791,1.25815,2.25,1.39
2012.09.28 16:19:13.519,1.25792,1.25815,1.13,1.39
2012.09.28 16:19:14.283,1.25791,1.25815,2.25,1.39
2012.09.28 16:19:14.374,1.25792,1.25815,1.13,1.39
2012.09.28 16:19:16.089,1.25792,1.25816,1.13,1.39
2012.09.28 16:19:16.183,1.25791,1.25816,1.50,1.39
2012.09.28 16:19:16.959,1.25789,1.25808,1.50,1.39
2012.09.28 16:19:17.077,1.25786,1.25808,2.25,1.39
2012.09.28 16:19:17.588,1.25783,1.25808,1.50,1.39
2012.09.28 16:19:18.127,1.25783,1.25807,1.50,1.39
2012.09.28 16:19:18.415,1.25781,1.25802,1.13,1.39
2012.09.28 16:19:20.711,1.25781,1.258,1.50,1.39
2012.09.28 16:19:22.296,1.25782,1.25797,1.13,1.39
2012.09.28 16:19:22.807,1.2578,1.25797,1.50,1.39
2012.09.28 16:19:22.901,1.2578,1.25803,1.50,1.50
2012.09.28 16:19:23.476,1.25783,1.25804,1.50,1.39
2012.09.28 16:19:24.244,1.25783,1.25807,1.50,1.39
2012.09.28 16:19:24.567,1.25781,1.25806,1.13,1.50
2012.09.28 16:19:24.830,1.2578,1.25801,1.88,1.39
2012.09.28 16:19:25.358,1.2578,1.25798,1.13,1.39
2012.09.28 16:19:29.770,1.2578,1.258,1.13,1.39
2012.09.28 16:19:30.129,1.25779,1.25798,1.13,1.39
2012.09.28 16:19:30.658,1.25779,1.25796,1.13,1.50
2012.09.28 16:19:31.539,1.25779,1.25796,1.13,1.50
2012.09.28 16:19:33.505,1.25779,1.25795,1.13,1.39
2012.09.28 16:19:37.525,1.25781,1.25795,1.13,1.39
2012.09.28 16:19:40.070,1.25781,1.25797,1.13,1.39
2012.09.28 16:19:40.411,1.25781,1.25797,1.13,1.39
2012.09.28 16:19:40.840,1.25781,1.25797,1.13,1.39
2012.09.28 16:19:41.319,1.25781,1.25797,1.13,1.39
2012.09.28 16:19:42.595,1.25781,1.25799,1.13,2.89
2012.09.28 16:19:42.692,1.25781,1.25799,1.13,2.14
2012.09.28 16:19:42.922,1.25781,1.25799,1.13,1.50
2012.09.28 16:19:43.088,1.25781,1.25801,1.13,2.14
2012.09.28 16:19:43.372,1.25781,1.25801,1.13,2.14
2012.09.28 16:19:43.626,1.25781,1.25801,1.13,2.14
2012.09.28 16:19:43.846,1.25781,1.25801,1.13,1.50
2012.09.28 16:19:44.359,1.25781,1.25804,2.63,2.25
2012.09.28 16:19:45.503,1.25781,1.25804,1.88,1.50
2012.09.28 16:19:45.610,1.25784,1.25805,1.50,1.50
2012.09.28 16:19:46.095,1.25784,1.25807,2.25,2.51
2012.09.28 16:19:46.661,1.25784,1.25806,2.25,1.39
2012.09.28 16:19:47.439,1.25784,1.25802,2.25,1.39
2012.09.28 16:19:47.535,1.25784,1.25802,1.50,1.39
2012.09.28 16:19:47.621,1.2578,1.25802,1.50,1.39
2012.09.28 16:19:47.712,1.2578,1.25802,1.50,1.39
2012.09.28 16:19:48.032,1.25778,1.25803,4.88,1.13
2012.09.28 16:19:48.206,1.25778,1.25805,5.25,1.13
2012.09.28 16:19:48.662,1.25782,1.25802,2.25,1.39
2012.09.28 16:19:49.653,1.25782,1.25806,2.25,1.50
2012.09.28 16:19:50.860,1.25779,1.25804,1.13,1.39
2012.09.28 16:19:51.877,1.25779,1.25804,1.13,2.14
2012.09.28 16:19:52.037,1.25779,1.25804,1.13,1.39
2012.09.28 16:19:52.273,1.25781,1.25804,1.13,2.14
2012.09.28 16:19:52.514,1.25781,1.25803,1.13,1.39
2012.09.28 16:19:53.545,1.25778,1.25801,1.88,1.50
2012.09.28 16:19:53.646,1.2578,1.25803,1.13,4.39
2012.09.28 16:19:54.781,1.2578,1.258,1.13,1.39
2012.09.28 16:19:54.872,1.2578,1.25799,1.13,1.39
2012.09.28 16:19:56.580,1.2578,1.25798,1.13,1.39
2012.09.28 16:19:57.458,1.25779,1.25798,1.13,1.39
2012.09.28 16:19:57.559,1.25779,1.25801,1.13,1.50
2012.09.28 16:19:57.966,1.25779,1.25802,1.13,1.50
2012.09.28 16:19:58.130,1.25776,1.25802,3.00,1.50
2012.09.28 16:19:58.300,1.25776,1.25801,1.13,2.25
