2010.07.23 08:00:00.896,1.33125,1.33145,1.20,1.60
2010.07.23 08:00:01.118,1.3314,1.3316,1.00,1.60
2010.07.23 08:00:02.725,1.33145,1.3316,1.00,1.60
2010.07.23 08:00:04.880,1.33145,1.3316,1.00,1.00
2010.07.23 08:00:04.993,1.3315,1.3316,1.00,1.00
2010.07.23 08:00:06.020,1.33155,1.33175,1.00,4.80
2010.07.23 08:00:06.367,1.3319,1.33205,1.00,1.00
2010.07.23 08:00:07.410,1.3318,1.33195,1.00,1.60
2010.07.23 08:00:08.189,1.3318,1.332,1.00,4.80
2010.07.23 08:00:08.428,1.33195,1.3322,1.00,3.20
2010.07.23 08:00:09.328,1.332,1.3322,1.00,1.00
2010.07.23 08:00:09.575,1.33215,1.33235,1.00,2.80
2010.07.23 08:00:10.563,1.3323,1.3324,1.00,1.60
2010.07.23 08:00:10.920,1.3326,1.3329,1.00,1.60
2010.07.23 08:00:11.725,1.3326,1.33295,1.00,4.00
2010.07.23 08:00:12.081,1.3328,1.333,1.00,4.00
2010.07.23 08:00:12.962,1.3328,1.333,1.00,1.60
2010.07.23 08:00:13.168,1.3327,1.33275,1.00,1.00
2010.07.23 08:00:14.428,1.33265,1.3327,2.60,1.60
2010.07.23 08:00:15.479,1.3321,1.3322,1.60,1.00
2010.07.23 08:00:16.900,1.33165,1.33185,3.20,1.00
2010.07.23 08:00:17.856,1.33145,1.3318,1.60,1.00
2010.07.23 08:00:18.061,1.3315,1.3318,2.40,1.60
2010.07.23 08:00:18.979,1.3315,1.3317,1.60,1.00
2010.07.23 08:00:19.308,1.3318,1.3322,1.00,1.00
2010.07.23 08:00:20.351,1.3321,1.3323,1.00,4.00
2010.07.23 08:00:20.588,1.3321,1.3323,1.00,1.60
2010.07.23 08:00:21.583,1.3321,1.33245,4.80,1.00
2010.07.23 08:00:22.447,1.3321,1.33245,4.80,2.40
2010.07.23 08:00:22.696,1.3322,1.3325,1.00,1.60
2010.07.23 08:00:23.895,1.33235,1.3326,2.40,3.20
2010.07.23 08:00:24.695,1.33245,1.33265,1.00,1.60
2010.07.23 08:00:24.939,1.33245,1.3328,2.40,2.40
2010.07.23 08:00:25.914,1.33245,1.3327,2.40,1.00
2010.07.23 08:00:26.151,1.33215,1.3324,2.40,1.60
2010.07.23 08:00:26.501,1.3321,1.33235,2.40,2.40
2010.07.23 08:00:27.407,1.33205,1.33235,2.40,1.60
2010.07.23 08:00:27.667,1.3322,1.33245,1.00,3.20
2010.07.23 08:00:27.936,1.3322,1.33245,1.00,1.60
2010.07.23 08:00:29.950,1.3321,1.33235,1.00,1.00
2010.07.23 08:00:30.735,1.33205,1.33235,3.20,1.00
2010.07.23 08:00:30.910,1.3318,1.33205,2.40,1.00
2010.07.23 08:00:32.008,1.3319,1.33215,1.60,1.60
2010.07.23 08:00:32.244,1.33185,1.3321,2.40,1.00
2010.07.23 08:00:33.260,1.3318,1.33205,2.40,1.60
2010.07.23 08:00:33.490,1.3318,1.33205,2.40,3.20
2010.07.23 08:00:34.325,1.3318,1.33205,3.20,1.00
2010.07.23 08:00:34.628,1.33185,1.3321,1.00,1.00
2010.07.23 08:00:35.680,1.33185,1.33215,1.60,4.80
2010.07.23 08:00:36.003,1.33205,1.3323,1.00,1.00
2010.07.23 08:00:36.324,1.33205,1.33235,1.60,5.60
2010.07.23 08:00:37.458,1.33205,1.33235,2.40,4.00
2010.07.23 08:00:38.286,1.3321,1.33235,1.00,2.40
2010.07.23 08:00:38.589,1.33265,1.33295,1.00,1.60
2010.07.23 08:00:39.610,1.3328,1.3329,1.60,1.60
2010.07.23 08:00:40.624,1.33315,1.33345,3.20,2.40
2010.07.23 08:00:40.910,1.3332,1.33365,1.60,1.60
2010.07.23 08:00:41.732,1.33335,1.33355,1.00,1.60
2010.07.23 08:00:42.046,1.3336,1.3338,1.00,1.00
2010.07.23 08:00:43.343,1.33355,1.3338,1.00,1.00
2010.07.23 08:00:44.356,1.33345,1.33375,2.40,2.40
2010.07.23 08:00:44.636,1.3334,1.33365,1.00,1.00
2010.07.23 08:00:45.934,1.3335,1.33375,1.00,1.60
2010.07.23 08:00:47.364,1.3333,1.3337,3.20,4.80
2010.07.23 08:00:48.162,1.33335,1.33365,1.60,1.00
2010.07.23 08:00:48.405,1.33335,1.3337,3.20,1.60
2010.07.23 08:00:48.640,1.33335,1.33365,2.40,1.60
2010.07.23 08:00:49.581,1.33335,1.33365,1.60,2.40
2010.07.23 08:00:49.834,1.33325,1.33355,1.60,2.40
2010.07.23 08:00:50.082,1.33325,1.33355,2.40,2.40
2010.07.23 08:00:51.384,1.33345,1.33355,1.00,1.00
2010.07.23 08:00:51.648,1.33345,1.3336,1.00,1.00
2010.07.23 08:00:52.917,1.33345,1.3336,1.00,1.60
2010.07.23 08:00:53.904,1.33345,1.33365,1.00,4.80
2010.07.23 08:00:54.127,1.3333,1.33365,5.20,1.00
2010.07.23 08:00:55.099,1.33335,1.3337,1.60,1.60
2010.07.23 08:00:55.342,1.33335,1.3337,3.20,1.60
2010.07.23 08:00:55.593,1.3333,1.3337,4.40,1.60
2010.07.23 08:00:56.554,1.33335,1.3337,1.60,1.60
2010.07.23 08:00:56.807,1.3333,1.33365,3.60,1.60
2010.07.23 08:00:57.061,1.33335,1.33365,1.60,1.60
2010.07.23 08:00:57.318,1.33325,1.3335,2.40,1.00
2010.07.23 08:00:58.359,1.33315,1.33345,2.40,2.40
2010.07.23 08:00:59.639,1.33315,1.3334,1.60,2.40
2010.07.23 08:00:59.908,1.333,1.3333,1.00,5.60
2010.07.23 08:01:00.948,1.333,1.3333,2.40,3.20
2010.07.23 08:01:01.962,1.333,1.33325,1.00,1.60
2010.07.23 08:01:02.205,1.3329,1.33315,2.40,1.00
2010.07.23 08:01:03.238,1.3329,1.33315,3.20,1.00
2010.07.23 08:01:03.494,1.3329,1.33315,2.40,1.00
2010.07.23 08:01:04.516,1.33285,1.33315,4.80,1.00
2010.07.23 08:01:04.802,1.33285,1.3331,4.80,1.00
2010.07.23 08:01:05.088,1.3329,1.3331,1.00,1.00
2010.07.23 08:01:06.099,1.3331,1.33315,1.00,1.60
2010.07.23 08:01:06.440,1.3331,1.33335,1.00,3.20
2010.07.23 08:01:07.580,1.333,1.33325,1.00,1.60
2010.07.23 08:01:09.022,1.33305,1.33325,1.00,1.60
2010.07.23 08:01:10.026,1.33295,1.33325,2.40,3.20
2010.07.23 08:01:10.296,1.3329,1.3332,1.00,5.20
2010.07.23 08:01:10.540,1.3329,1.33315,1.00,1.00
2010.07.23 08:01:11.614,1.3329,1.33315,1.00,1.60
2010.07.23 08:01:11.878,1.33275,1.33295,2.40,2.40
2010.07.23 08:01:12.807,1.33275,1.33295,2.40,4.80
2010.07.23 08:01:13.106,1.33275,1.33305,4.80,1.60
2010.07.23 08:01:14.468,1.33305,1.3331,1.00,1.00
2010.07.23 08:01:15.526,1.33315,1.3332,2.40,1.00
2010.07.23 08:01:16.417,1.3331,1.3332,4.80,1.00
2010.07.23 08:01:16.707,1.33295,1.33325,1.00,9.40
2010.07.23 08:01:17.743,1.3329,1.3332,1.00,2.40
2010.07.23 08:01:18.001,1.33305,1.3334,4.80,4.80
2010.07.23 08:01:18.254,1.33305,1.3334,6.40,4.80
2010.07.23 08:01:19.224,1.3331,1.3334,1.00,4.00
2010.07.23 08:01:19.505,1.3331,1.33335,1.00,2.40
2010.07.23 08:01:19.778,1.3331,1.33325,1.00,2.40
2010.07.23 08:01:21.189,1.33315,1.33325,1.00,2.40
2010.07.23 08:01:21.488,1.33305,1.33325,2.40,2.40
2010.07.23 08:01:22.548,1.33305,1.3333,1.60,1.00
2010.07.23 08:01:25.750,1.33305,1.33335,2.40,2.40
2010.07.23 08:01:28.271,1.3331,1.33335,1.60,2.40
2010.07.23 08:01:28.492,1.3331,1.33335,2.40,1.60
2010.07.23 08:01:28.725,1.33315,1.33335,1.00,1.60
2010.07.23 08:01:28.953,1.33315,1.3334,1.00,2.40
2010.07.23 08:01:29.948,1.3332,1.3334,1.00,2.40
2010.07.23 08:01:30.914,1.33315,1.3334,2.40,2.40
2010.07.23 08:01:31.175,1.33315,1.3334,1.60,3.20
2010.07.23 08:01:32.264,1.3331,1.33335,1.00,1.60
2010.07.23 08:01:33.603,1.33315,1.3334,1.00,1.00
2010.07.23 08:01:33.849,1.33315,1.3334,2.40,1.00
2010.07.23 08:01:35.130,1.33315,1.3334,1.00,1.00
2010.07.23 08:01:36.378,1.3332,1.3334,1.00,1.00
2010.07.23 08:01:38.003,1.33315,1.3334,1.00,1.00
2010.07.23 08:01:40.655,1.3332,1.3334,1.00,1.00
2010.07.23 08:01:41.812,1.3331,1.3334,1.00,1.60
2010.07.23 08:01:43.213,1.33305,1.33335,2.40,1.00
2010.07.23 08:01:43.473,1.333,1.3333,1.60,1.00
2010.07.23 08:01:44.546,1.33295,1.33325,2.40,2.40
2010.07.23 08:01:45.823,1.333,1.3333,1.00,1.60
2010.07.23 08:01:47.143,1.33295,1.33325,2.40,1.00
2010.07.23 08:01:48.119,1.33295,1.33325,1.00,2.40
2010.07.23 08:01:48.377,1.3329,1.33325,2.40,2.40
2010.07.23 08:01:49.854,1.33295,1.33325,4.00,1.00
2010.07.23 08:01:50.113,1.33295,1.33325,2.40,1.00
2010.07.23 08:01:51.182,1.3329,1.33325,1.00,2.40
2010.07.23 08:01:52.284,1.3329,1.3332,1.00,1.00
2010.07.23 08:01:53.909,1.33295,1.33325,1.00,2.40
2010.07.23 08:01:55.586,1.33305,1.3333,1.00,1.60
2010.07.23 08:01:55.774,1.33305,1.3333,1.80,1.00
2010.07.23 08:01:56.575,1.33305,1.33325,1.80,1.00
2010.07.23 08:01:56.928,1.333,1.3333,5.80,1.60
2010.07.23 08:01:57.259,1.333,1.3333,5.80,1.00
2010.07.23 08:01:58.326,1.33305,1.33335,11.40,1.00
2010.07.23 08:01:59.499,1.33305,1.33335,3.40,1.00
2010.07.23 08:02:00.776,1.33305,1.33335,2.60,1.00
2010.07.23 08:02:01.041,1.33305,1.3333,1.60,1.00
2010.07.23 08:02:02.072,1.33325,1.3333,1.00,1.00
2010.07.23 08:02:02.321,1.3329,1.3332,1.00,1.60
2010.07.23 08:02:02.659,1.3329,1.3332,1.00,2.40
2010.07.23 08:02:03.536,1.3329,1.3332,1.00,3.60
2010.07.23 08:02:03.828,1.33265,1.33295,5.60,1.00
2010.07.23 08:02:04.906,1.33265,1.33295,1.00,4.00
2010.07.23 08:02:05.143,1.33265,1.33295,1.00,3.20
2010.07.23 08:02:06.160,1.3328,1.3331,1.00,9.60
2010.07.23 08:02:06.484,1.3328,1.3331,1.00,2.40
2010.07.23 08:02:07.557,1.33285,1.3331,3.20,1.00
2010.07.23 08:02:07.806,1.33285,1.33315,3.20,2.40
2010.07.23 08:02:08.806,1.33295,1.3332,4.00,1.60
2010.07.23 08:02:09.076,1.33315,1.33335,1.00,5.60
2010.07.23 08:02:09.874,1.33315,1.33335,1.00,1.60
2010.07.23 08:02:10.127,1.3333,1.33355,1.60,2.40
2010.07.23 08:02:11.169,1.3333,1.3335,1.60,1.00
2010.07.23 08:02:11.852,1.3333,1.33355,1.60,2.40
2010.07.23 08:02:12.864,1.33335,1.3335,1.60,1.00
2010.07.23 08:02:13.923,1.33335,1.3335,1.00,1.00
2010.07.23 08:02:14.155,1.3333,1.3335,1.60,1.00
2010.07.23 08:02:15.453,1.33325,1.33345,1.00,2.40
2010.07.23 08:02:16.662,1.33315,1.3334,1.60,1.60
2010.07.23 08:02:16.929,1.33305,1.33335,1.60,4.80
2010.07.23 08:02:17.933,1.33305,1.33335,1.00,4.80
2010.07.23 08:02:18.188,1.33305,1.3333,1.00,1.00
2010.07.23 08:02:18.451,1.33305,1.33325,1.00,1.00
2010.07.23 08:02:18.713,1.33305,1.3333,1.00,1.00
2010.07.23 08:02:22.432,1.33305,1.3333,2.40,1.00
2010.07.23 08:02:23.951,1.33305,1.3333,1.00,1.00
2010.07.23 08:02:24.376,1.33305,1.3333,2.40,1.00
2010.07.23 08:02:25.192,1.33305,1.3333,1.00,1.00
2010.07.23 08:02:25.430,1.33305,1.3333,2.40,1.00
2010.07.23 08:02:25.676,1.3331,1.33335,1.60,6.80
2010.07.23 08:02:26.698,1.3331,1.33335,1.60,1.60
2010.07.23 08:02:26.970,1.33305,1.33335,3.20,3.20
2010.07.23 08:02:28.057,1.33305,1.3333,2.40,1.00
2010.07.23 08:02:29.120,1.33305,1.3333,1.00,1.00
2010.07.23 08:02:29.367,1.33305,1.33325,1.00,4.00
2010.07.23 08:02:30.509,1.333,1.3333,2.40,4.00
2010.07.23 08:02:30.849,1.333,1.3333,4.00,4.00
2010.07.23 08:02:31.965,1.333,1.3333,2.40,4.80
2010.07.23 08:02:32.311,1.333,1.3332,1.00,1.00
2010.07.23 08:02:33.189,1.33295,1.3332,2.60,1.00
2010.07.23 08:02:33.364,1.33285,1.3331,1.00,1.00
2010.07.23 08:02:34.430,1.3328,1.3331,2.20,1.60
2010.07.23 08:02:34.590,1.3328,1.3331,1.60,1.60
2010.07.23 08:02:35.510,1.3328,1.3331,3.20,1.60
2010.07.23 08:02:35.805,1.3328,1.33305,1.00,2.40
2010.07.23 08:02:36.869,1.3326,1.3327,5.60,1.00
2010.07.23 08:02:37.137,1.33255,1.3329,2.40,1.00
2010.07.23 08:02:38.166,1.33255,1.3328,1.00,1.00
2010.07.23 08:02:39.793,1.33255,1.3327,1.00,2.40
2010.07.23 08:02:40.067,1.3325,1.3328,2.40,2.40
2010.07.23 08:02:41.061,1.3325,1.3328,1.00,4.00
2010.07.23 08:02:41.332,1.3325,1.3328,2.40,2.40
2010.07.23 08:02:42.391,1.33255,1.3328,1.00,1.60
2010.07.23 08:02:42.656,1.3325,1.3328,2.40,2.40
2010.07.23 08:02:42.925,1.33255,1.3328,1.00,1.60
2010.07.23 08:02:44.156,1.33265,1.3329,2.40,1.00
2010.07.23 08:02:47.384,1.3327,1.33295,1.60,3.20
2010.07.23 08:02:49.208,1.33265,1.33295,2.40,3.20
2010.07.23 08:02:50.202,1.33265,1.33285,1.60,2.40
2010.07.23 08:02:51.512,1.33255,1.33285,4.00,5.60
2010.07.23 08:02:51.855,1.3326,1.33285,1.60,5.60
2010.07.23 08:02:52.673,1.3326,1.33285,1.60,6.40
2010.07.23 08:02:52.920,1.33245,1.33275,5.20,1.00
2010.07.23 08:02:54.138,1.33245,1.33275,3.20,3.20
2010.07.23 08:02:55.167,1.33255,1.33275,1.00,4.80
2010.07.23 08:02:55.445,1.33255,1.3328,1.00,4.00
2010.07.23 08:02:56.476,1.33255,1.33285,1.00,3.20
2010.07.23 08:02:56.743,1.33265,1.33295,2.40,5.60
2010.07.23 08:02:57.801,1.33265,1.33295,1.60,4.00
2010.07.23 08:02:58.143,1.33275,1.33295,1.00,1.60
2010.07.23 08:02:58.493,1.33275,1.33305,3.20,11.60
2010.07.23 08:02:59.617,1.3328,1.33305,1.00,3.20
2010.07.23 08:02:59.849,1.3328,1.333,1.00,1.00
2010.07.23 08:03:00.854,1.3328,1.33295,1.00,2.40
2010.07.23 08:03:01.178,1.33275,1.33295,1.00,2.40
2010.07.23 08:03:01.944,1.33275,1.33295,1.00,1.60
2010.07.23 08:03:02.271,1.33275,1.33295,1.00,3.20
2010.07.23 08:03:03.318,1.3328,1.33295,1.00,3.20
2010.07.23 08:03:03.588,1.33285,1.33305,1.00,1.60
2010.07.23 08:03:04.597,1.33305,1.33315,1.00,1.60
2010.07.23 08:03:04.901,1.3331,1.33335,1.00,7.20
2010.07.23 08:03:05.206,1.3331,1.33335,1.00,7.00
2010.07.23 08:03:06.266,1.3331,1.33335,1.60,1.60
2010.07.23 08:03:06.589,1.3331,1.33335,2.40,1.60
2010.07.23 08:03:07.666,1.3333,1.3335,1.00,2.40
2010.07.23 08:03:07.902,1.3333,1.33345,1.00,2.40
2010.07.23 08:03:08.902,1.3333,1.33355,1.60,1.60
2010.07.23 08:03:09.181,1.3333,1.33355,4.00,1.60
2010.07.23 08:03:10.399,1.33335,1.33355,2.40,1.60
2010.07.23 08:03:11.495,1.33345,1.3337,1.00,5.60
2010.07.23 08:03:11.818,1.3334,1.33365,3.20,2.40
2010.07.23 08:03:13.030,1.33345,1.33365,1.60,1.60
2010.07.23 08:03:14.076,1.3335,1.33365,1.00,1.60
2010.07.23 08:03:14.345,1.33355,1.3338,1.00,1.00
2010.07.23 08:03:15.459,1.33355,1.3338,1.60,1.60
2010.07.23 08:03:15.763,1.3335,1.3338,4.00,1.60
2010.07.23 08:03:16.818,1.33345,1.33365,1.60,1.60
2010.07.23 08:03:17.073,1.3335,1.33375,1.00,3.20
2010.07.23 08:03:17.836,1.3335,1.33375,1.00,2.40
2010.07.23 08:03:18.146,1.3335,1.33375,1.60,2.40
2010.07.23 08:03:19.228,1.3336,1.3338,2.40,2.40
2010.07.23 08:03:19.531,1.3338,1.33405,1.00,1.60
2010.07.23 08:03:20.551,1.3338,1.3341,1.00,5.20
2010.07.23 08:03:20.874,1.3338,1.3341,2.40,3.20
2010.07.23 08:03:21.184,1.33385,1.3341,1.00,2.40
2010.07.23 08:03:22.205,1.3339,1.33415,1.00,4.80
2010.07.23 08:03:22.470,1.3339,1.33415,1.00,1.60
2010.07.23 08:03:24.459,1.33385,1.33415,4.00,3.20
2010.07.23 08:03:25.345,1.33385,1.33415,4.00,2.40
2010.07.23 08:03:25.636,1.33385,1.33415,2.80,7.80
2010.07.23 08:03:25.936,1.33385,1.33415,4.00,7.80
2010.07.23 08:03:26.721,1.33385,1.33415,4.00,8.60
2010.07.23 08:03:27.003,1.3339,1.33415,1.20,2.40
2010.07.23 08:03:28.074,1.33385,1.33415,4.00,3.20
2010.07.23 08:03:29.590,1.33385,1.3341,1.00,1.00
2010.07.23 08:03:30.673,1.33385,1.3341,2.40,1.00
2010.07.23 08:03:30.984,1.3338,1.33415,1.60,15.80
2010.07.23 08:03:31.283,1.3338,1.3341,1.00,1.00
2010.07.23 08:03:32.318,1.33385,1.33405,1.00,1.00
2010.07.23 08:03:32.564,1.3338,1.33405,1.00,2.40
2010.07.23 08:03:32.811,1.3338,1.33405,1.00,4.40
2010.07.23 08:03:33.062,1.3337,1.334,1.00,3.00
2010.07.23 08:03:33.878,1.3337,1.33395,1.00,1.60
2010.07.23 08:03:34.135,1.33365,1.3339,2.40,1.00
2010.07.23 08:03:34.381,1.3337,1.3339,1.60,1.00
2010.07.23 08:03:35.584,1.3336,1.33385,2.40,2.40
2010.07.23 08:03:35.791,1.3336,1.3338,2.40,1.60
2010.07.23 08:03:36.749,1.3336,1.3338,1.60,1.60
2010.07.23 08:03:37.013,1.33355,1.3338,2.40,1.60
2010.07.23 08:03:38.569,1.33355,1.3337,1.00,1.00
2010.07.23 08:03:38.795,1.3335,1.3337,1.00,1.60
2010.07.23 08:03:39.798,1.33345,1.33365,1.60,1.00
2010.07.23 08:03:40.062,1.3333,1.33355,1.60,3.20
2010.07.23 08:03:41.101,1.33325,1.3335,1.60,3.80
2010.07.23 08:03:41.439,1.3333,1.3335,1.00,1.00
2010.07.23 08:03:42.518,1.3333,1.33355,1.00,1.60
2010.07.23 08:03:42.548,1.33335,1.33355,1.00,1.60
2010.07.23 08:03:42.777,1.33335,1.3336,1.00,1.00
2010.07.23 08:03:44.072,1.33335,1.3336,1.00,1.60
2010.07.23 08:03:44.346,1.3332,1.3335,4.00,2.60
2010.07.23 08:03:45.367,1.33315,1.33345,2.40,4.00
2010.07.23 08:03:45.597,1.33315,1.33335,1.60,1.00
2010.07.23 08:03:47.007,1.3331,1.33335,2.40,1.00
2010.07.23 08:03:47.226,1.3331,1.33335,1.60,4.80
2010.07.23 08:03:47.443,1.3331,1.3333,1.60,5.80
2010.07.23 08:03:47.661,1.333,1.3332,4.00,1.60
2010.07.23 08:03:48.622,1.333,1.3331,2.40,1.00
2010.07.23 08:03:48.873,1.3328,1.33305,3.20,2.40
2010.07.23 08:03:50.626,1.3328,1.33305,2.40,2.40
2010.07.23 08:03:50.795,1.3328,1.33305,1.60,2.40
2010.07.23 08:03:51.983,1.3328,1.33305,3.20,1.60
2010.07.23 08:03:52.242,1.3328,1.33305,4.00,1.60
2010.07.23 08:03:53.279,1.3329,1.33315,1.60,1.00
2010.07.23 08:03:53.489,1.33295,1.33315,1.60,1.00
2010.07.23 08:03:53.697,1.33295,1.3332,1.60,1.60
2010.07.23 08:03:54.817,1.3329,1.3332,4.00,1.60
2010.07.23 08:03:55.008,1.3329,1.3332,2.40,1.60
2010.07.23 08:03:55.200,1.33295,1.3332,1.60,1.60
2010.07.23 08:03:55.389,1.3329,1.3332,4.00,1.60
2010.07.23 08:03:55.580,1.33295,1.3332,1.00,1.00
2010.07.23 08:03:56.824,1.3329,1.33315,1.00,1.00
2010.07.23 08:03:57.111,1.3329,1.3331,1.00,1.00
2010.07.23 08:03:58.029,1.33285,1.3331,1.00,5.80
2010.07.23 08:03:58.248,1.33275,1.33305,3.20,4.00
2010.07.23 08:03:59.227,1.3328,1.33305,1.60,3.20
2010.07.23 08:03:59.485,1.33285,1.3331,1.60,1.00
2010.07.23 08:03:59.732,1.33285,1.3331,2.40,1.00
2010.07.23 08:03:59.981,1.3329,1.3331,1.60,1.00
2010.07.23 08:04:01.007,1.33285,1.33305,1.60,1.00
2010.07.23 08:04:01.274,1.3328,1.3331,4.00,1.00
2010.07.23 08:04:02.693,1.3328,1.3331,1.60,1.00
2010.07.23 08:04:02.878,1.3328,1.3331,3.20,1.00
2010.07.23 08:04:03.437,1.3328,1.3331,4.00,1.00
2010.07.23 08:04:04.194,1.33285,1.3331,1.60,1.00
2010.07.23 08:04:04.400,1.33285,1.33315,3.20,4.80
2010.07.23 08:04:06.054,1.3329,1.33315,2.40,2.40
2010.07.23 08:04:07.404,1.3329,1.33315,1.00,4.00
2010.07.23 08:04:07.637,1.33295,1.3332,1.60,1.60
2010.07.23 08:04:07.875,1.3329,1.3332,3.20,1.60
2010.07.23 08:04:08.824,1.3329,1.3332,1.60,3.20
2010.07.23 08:04:09.469,1.3329,1.3331,1.60,1.00
2010.07.23 08:04:10.565,1.3329,1.3331,3.20,1.00
2010.07.23 08:04:12.046,1.3329,1.3331,1.00,1.00
2010.07.23 08:04:16.925,1.33265,1.33295,4.00,3.20
2010.07.23 08:04:17.609,1.33265,1.33295,2.40,4.80
2010.07.23 08:04:18.919,1.33265,1.33295,4.00,4.80
2010.07.23 08:04:19.333,1.33265,1.3329,3.20,1.00
2010.07.23 08:04:20.142,1.3327,1.3329,1.60,1.00
2010.07.23 08:04:20.345,1.3327,1.33295,1.60,4.00
2010.07.23 08:04:20.541,1.3327,1.33295,1.60,2.40
2010.07.23 08:04:21.670,1.3327,1.33295,1.00,1.60
2010.07.23 08:04:21.943,1.33265,1.3329,3.20,1.00
2010.07.23 08:04:22.222,1.3327,1.3329,1.60,1.00
2010.07.23 08:04:23.488,1.33265,1.3329,1.60,1.00
2010.07.23 08:04:23.651,1.33265,1.33295,2.40,7.60
2010.07.23 08:04:23.970,1.33265,1.33295,2.40,3.20
2010.07.23 08:04:24.132,1.3327,1.33295,1.60,3.20
2010.07.23 08:04:25.069,1.33265,1.33295,2.40,4.00
2010.07.23 08:04:26.541,1.33265,1.33295,1.00,4.00
2010.07.23 08:04:26.841,1.33265,1.33295,2.40,4.00
2010.07.23 08:04:28.168,1.3327,1.33295,1.00,3.20
2010.07.23 08:04:28.388,1.33265,1.33295,2.40,4.00
2010.07.23 08:04:28.611,1.3327,1.33295,1.60,4.00
2010.07.23 08:04:28.831,1.3327,1.3329,1.60,1.00
2010.07.23 08:04:29.814,1.3327,1.33295,1.60,2.40
2010.07.23 08:04:31.288,1.33265,1.3329,1.60,1.00
2010.07.23 08:04:32.872,1.3326,1.3329,4.00,1.00
2010.07.23 08:04:34.291,1.33265,1.3329,1.60,1.00
2010.07.23 08:04:35.626,1.33265,1.3329,3.20,2.40
2010.07.23 08:04:35.808,1.3327,1.33295,1.60,4.00
2010.07.23 08:04:35.989,1.3327,1.33295,2.40,1.60
2010.07.23 08:04:36.168,1.3327,1.33295,3.20,1.60
2010.07.23 08:04:36.956,1.3327,1.33295,3.20,2.40
2010.07.23 08:04:37.271,1.3327,1.33295,4.00,1.60
2010.07.23 08:04:38.345,1.33275,1.33295,3.20,1.60
2010.07.23 08:04:38.649,1.33285,1.33295,1.00,1.60
2010.07.23 08:04:38.872,1.3329,1.33295,1.00,1.60
2010.07.23 08:04:39.791,1.3329,1.33305,1.00,1.60
2010.07.23 08:04:40.517,1.3328,1.33305,2.40,4.80
2010.07.23 08:04:42.487,1.3328,1.333,1.00,1.00
2010.07.23 08:04:42.676,1.33275,1.33295,2.40,1.60
2010.07.23 08:04:44.450,1.33275,1.333,2.40,1.00
2010.07.23 08:04:46.897,1.33275,1.33305,3.20,4.00
2010.07.23 08:04:47.086,1.3328,1.33305,1.60,4.00
2010.07.23 08:04:47.277,1.3328,1.33305,1.60,5.60
2010.07.23 08:04:47.644,1.33275,1.333,2.40,1.00
2010.07.23 08:04:50.274,1.3327,1.33295,2.40,1.00
2010.07.23 08:04:53.290,1.3327,1.33295,2.40,2.40
2010.07.23 08:04:55.571,1.3327,1.333,2.00,1.60
2010.07.23 08:04:56.506,1.33275,1.333,3.20,1.00
2010.07.23 08:04:56.727,1.33275,1.33305,4.40,2.40
2010.07.23 08:04:56.939,1.3328,1.33305,1.60,4.00
2010.07.23 08:04:58.130,1.33275,1.33305,4.40,2.40
2010.07.23 08:04:59.702,1.3328,1.33305,1.60,2.40
2010.07.23 08:05:02.141,1.33285,1.33305,2.40,1.60
2010.07.23 08:05:02.228,1.33285,1.3331,2.40,1.00
2010.07.23 08:05:02.636,1.33285,1.3331,1.00,1.00
2010.07.23 08:05:03.425,1.33285,1.3331,1.00,2.40
2010.07.23 08:05:03.676,1.33285,1.3331,1.60,1.00
2010.07.23 08:05:03.932,1.33285,1.3331,1.00,1.00
2010.07.23 08:05:04.887,1.3328,1.3331,6.00,1.00
2010.07.23 08:05:05.141,1.33285,1.3331,1.60,1.00
2010.07.23 08:05:06.570,1.3328,1.3331,4.40,1.60
2010.07.23 08:05:07.887,1.33285,1.3331,1.60,1.60
2010.07.23 08:05:08.286,1.3328,1.3331,4.40,1.60
2010.07.23 08:05:09.139,1.3329,1.3331,1.60,1.60
2010.07.23 08:05:09.258,1.33295,1.33325,4.40,3.20
2010.07.23 08:05:09.369,1.333,1.33325,1.60,3.20
2010.07.23 08:05:09.789,1.333,1.33325,1.00,2.40
2010.07.23 08:05:10.775,1.3331,1.33325,1.00,1.60
2010.07.23 08:05:10.989,1.33315,1.33325,1.00,1.60
2010.07.23 08:05:11.417,1.33315,1.33335,1.00,1.60
2010.07.23 08:05:15.946,1.3331,1.33335,1.00,1.60
2010.07.23 08:05:16.548,1.3331,1.33335,1.60,1.60
2010.07.23 08:05:21.649,1.3331,1.33335,3.20,1.60
2010.07.23 08:05:21.817,1.3331,1.33345,3.20,5.60
2010.07.23 08:05:23.082,1.3331,1.33345,3.60,5.60
2010.07.23 08:05:24.007,1.3331,1.33345,3.60,7.20
2010.07.23 08:05:25.630,1.3331,1.33345,3.60,8.00
2010.07.23 08:05:25.724,1.3331,1.3334,3.60,1.60
2010.07.23 08:05:26.692,1.3331,1.3334,3.20,2.40
2010.07.23 08:05:27.037,1.33315,1.3334,1.60,2.40
2010.07.23 08:05:27.377,1.3331,1.3334,3.20,2.40
2010.07.23 08:05:28.537,1.3333,1.3334,1.00,1.60
2010.07.23 08:05:29.692,1.3333,1.3336,3.60,2.40
2010.07.23 08:05:29.927,1.33335,1.3336,1.00,1.00
2010.07.23 08:05:30.164,1.33335,1.3336,1.20,1.00
2010.07.23 08:05:30.401,1.33335,1.33355,3.60,1.60
2010.07.23 08:05:31.410,1.3334,1.33365,2.00,1.60
2010.07.23 08:05:31.683,1.3334,1.3337,5.20,1.00
2010.07.23 08:05:31.951,1.33345,1.33375,1.00,3.20
2010.07.23 08:05:32.219,1.33345,1.33375,1.20,3.20
2010.07.23 08:05:33.371,1.3335,1.33375,1.00,2.40
2010.07.23 08:05:34.498,1.33345,1.33375,4.40,1.60
2010.07.23 08:05:34.650,1.33345,1.33375,4.00,3.20
2010.07.23 08:05:34.791,1.33345,1.3337,4.00,1.60
2010.07.23 08:05:34.933,1.33345,1.3337,2.40,1.60
2010.07.23 08:05:35.068,1.33345,1.3337,1.00,1.60
2010.07.23 08:05:36.431,1.3334,1.3337,2.80,2.40
2010.07.23 08:05:36.950,1.3334,1.3337,2.00,2.40
2010.07.23 08:05:37.180,1.3334,1.3337,1.60,2.40
2010.07.23 08:05:37.407,1.3334,1.3337,1.60,4.00
2010.07.23 08:05:38.405,1.3334,1.3337,1.60,5.60
2010.07.23 08:05:39.126,1.3334,1.3337,1.60,4.00
2010.07.23 08:05:39.207,1.3334,1.3337,1.60,5.60
2010.07.23 08:05:39.510,1.3334,1.3337,1.60,4.00
2010.07.23 08:05:40.702,1.3335,1.33375,1.60,1.60
2010.07.23 08:05:41.522,1.33355,1.3338,1.00,1.00
2010.07.23 08:05:41.877,1.33355,1.33385,1.60,4.80
2010.07.23 08:05:42.900,1.33355,1.3338,1.00,1.00
2010.07.23 08:05:43.109,1.33345,1.3337,1.60,1.00
2010.07.23 08:05:43.312,1.33345,1.3337,1.00,2.40
2010.07.23 08:05:44.274,1.33345,1.3337,1.00,1.60
2010.07.23 08:05:44.534,1.33345,1.33375,1.20,7.20
2010.07.23 08:05:44.791,1.33345,1.33375,2.80,5.60
2010.07.23 08:05:45.040,1.33345,1.33375,1.20,8.00
2010.07.23 08:05:45.842,1.33345,1.3337,1.00,1.00
2010.07.23 08:05:46.046,1.3334,1.3337,2.80,2.40
2010.07.23 08:05:47.343,1.33345,1.33365,1.00,1.60
2010.07.23 08:05:47.626,1.33345,1.33375,1.20,7.20
2010.07.23 08:05:48.169,1.33345,1.33375,2.80,5.60
2010.07.23 08:05:49.206,1.33345,1.3337,1.00,2.40
2010.07.23 08:05:51.117,1.33345,1.33365,1.00,1.60
2010.07.23 08:05:51.347,1.33335,1.33365,4.40,6.00
2010.07.23 08:05:51.789,1.3334,1.33365,1.00,5.20
2010.07.23 08:05:53.020,1.3334,1.33365,1.00,1.60
2010.07.23 08:05:53.281,1.33345,1.33365,1.00,1.60
2010.07.23 08:05:53.540,1.3334,1.33365,4.40,1.60
2010.07.23 08:05:54.567,1.3335,1.33375,1.00,2.40
2010.07.23 08:05:54.824,1.3335,1.33375,3.60,1.60
2010.07.23 08:05:55.085,1.3336,1.33375,1.00,1.60
2010.07.23 08:05:56.417,1.3336,1.3338,1.00,1.60
2010.07.23 08:05:57.118,1.33355,1.3338,2.00,1.60
2010.07.23 08:06:00.176,1.33345,1.33375,2.80,2.40
2010.07.23 08:06:00.348,1.3335,1.33375,1.00,2.40
2010.07.23 08:06:00.558,1.33345,1.33375,2.80,3.20
2010.07.23 08:06:02.129,1.33345,1.33375,2.40,3.20
2010.07.23 08:06:02.408,1.33345,1.33375,2.40,2.40
2010.07.23 08:06:02.689,1.33345,1.33375,2.40,4.80
2010.07.23 08:06:02.888,1.33345,1.33375,2.40,2.40
2010.07.23 08:06:03.887,1.33345,1.3337,2.40,1.60
2010.07.23 08:06:04.037,1.3334,1.33365,2.40,1.60
2010.07.23 08:06:07.719,1.33325,1.33355,3.20,5.60
2010.07.23 08:06:07.809,1.33325,1.33355,3.20,4.80
2010.07.23 08:06:09.105,1.33325,1.33355,3.20,2.40
2010.07.23 08:06:09.369,1.33325,1.33355,1.60,4.00
2010.07.23 08:06:09.638,1.33325,1.33355,1.60,4.80
2010.07.23 08:06:09.908,1.33325,1.33355,1.60,5.60
2010.07.23 08:06:11.164,1.33325,1.33355,1.60,6.40
2010.07.23 08:06:11.304,1.33325,1.33355,1.60,5.60
2010.07.23 08:06:11.958,1.33325,1.33355,1.60,6.40
2010.07.23 08:06:13.159,1.3333,1.33355,1.00,5.60
2010.07.23 08:06:13.254,1.33325,1.3335,1.60,4.40
2010.07.23 08:06:13.337,1.33325,1.3335,2.00,3.60
2010.07.23 08:06:13.428,1.33325,1.3335,2.00,1.00
2010.07.23 08:06:13.520,1.33325,1.33355,2.00,10.40
2010.07.23 08:06:13.606,1.33325,1.33355,2.00,8.00
2010.07.23 08:06:13.698,1.33325,1.33355,2.00,7.20
2010.07.23 08:06:14.542,1.33325,1.33355,2.80,1.60
2010.07.23 08:06:14.988,1.33325,1.3335,2.00,1.00
2010.07.23 08:06:15.190,1.33325,1.3335,1.00,1.00
2010.07.23 08:06:15.388,1.33325,1.33345,1.00,1.60
2010.07.23 08:06:16.385,1.33325,1.33355,3.20,5.60
2010.07.23 08:06:18.166,1.33325,1.3335,2.40,1.60
2010.07.23 08:06:19.489,1.33325,1.3335,2.00,1.60
2010.07.23 08:06:20.470,1.33325,1.33355,2.00,7.20
2010.07.23 08:06:21.346,1.33325,1.3335,2.00,1.60
2010.07.23 08:06:21.582,1.33325,1.3335,1.60,1.60
2010.07.23 08:06:21.805,1.33325,1.3335,1.60,3.20
2010.07.23 08:06:22.022,1.33325,1.3335,1.60,1.60
2010.07.23 08:06:22.793,1.33325,1.3335,1.60,3.20
2010.07.23 08:06:23.087,1.33325,1.33355,1.60,7.20
2010.07.23 08:06:23.383,1.3333,1.33355,1.00,4.00
2010.07.23 08:06:24.402,1.3333,1.33355,2.00,6.40
2010.07.23 08:06:24.698,1.33325,1.3335,1.00,4.80
2010.07.23 08:06:25.810,1.3332,1.3335,1.60,4.80
2010.07.23 08:06:27.024,1.3332,1.3335,1.00,6.40
2010.07.23 08:06:27.118,1.3332,1.3335,1.00,5.60
2010.07.23 08:06:27.220,1.3332,1.3335,2.40,3.20
2010.07.23 08:06:28.073,1.3332,1.3335,4.80,3.20
2010.07.23 08:06:28.336,1.33325,1.33355,1.60,6.40
2010.07.23 08:06:29.697,1.33325,1.33355,1.60,6.60
2010.07.23 08:06:30.823,1.33325,1.3335,1.60,1.60
2010.07.23 08:06:32.389,1.33325,1.33355,1.60,6.40
2010.07.23 08:06:34.405,1.33325,1.3335,2.40,1.60
2010.07.23 08:06:34.580,1.33325,1.33355,2.40,6.40
2010.07.23 08:06:36.914,1.33325,1.33355,2.40,5.60
2010.07.23 08:06:37.135,1.33325,1.33355,4.00,4.00
2010.07.23 08:06:37.560,1.33325,1.33355,4.00,5.60
2010.07.23 08:06:38.384,1.33325,1.33355,2.40,5.60
2010.07.23 08:06:39.148,1.33325,1.33355,4.00,5.60
2010.07.23 08:06:40.650,1.33325,1.33355,2.40,5.60
2010.07.23 08:06:41.999,1.33345,1.33355,1.00,5.60
2010.07.23 08:06:44.010,1.33345,1.33355,1.00,4.00
2010.07.23 08:06:45.254,1.33345,1.33355,1.00,3.20
2010.07.23 08:06:45.535,1.33345,1.33365,1.00,1.60
2010.07.23 08:06:46.883,1.33345,1.33365,1.00,1.60
2010.07.23 08:06:47.172,1.33345,1.33365,1.60,1.60
2010.07.23 08:06:47.464,1.33355,1.33375,1.00,4.20
2010.07.23 08:06:48.304,1.33355,1.33375,1.00,2.60
2010.07.23 08:06:49.344,1.3336,1.33365,1.60,1.00
2010.07.23 08:06:49.572,1.33355,1.33375,1.00,2.40
2010.07.23 08:06:50.568,1.33355,1.33375,2.40,1.00
2010.07.23 08:06:50.792,1.33355,1.33375,1.00,1.00
2010.07.23 08:06:51.783,1.3336,1.3338,2.40,1.60
2010.07.23 08:06:52.084,1.33365,1.3338,1.00,1.60
2010.07.23 08:06:52.904,1.33365,1.3338,1.00,1.50
2010.07.23 08:06:53.216,1.33375,1.334,1.00,1.60
2010.07.23 08:06:54.253,1.33375,1.33395,1.00,1.60
2010.07.23 08:06:54.515,1.3337,1.33395,1.00,1.60
2010.07.23 08:06:56.056,1.33375,1.33405,2.00,5.40
2010.07.23 08:06:57.047,1.33375,1.33405,3.60,3.20
2010.07.23 08:06:57.377,1.33395,1.3342,1.60,1.60
2010.07.23 08:06:58.519,1.3339,1.3342,4.00,3.20
2010.07.23 08:06:58.741,1.3339,1.3342,3.20,1.60
2010.07.23 08:06:59.947,1.33395,1.3342,1.00,1.60
2010.07.23 08:07:00.215,1.33395,1.3342,1.00,1.00
2010.07.23 08:07:00.474,1.33405,1.33425,1.60,1.00
2010.07.23 08:07:01.516,1.33405,1.3343,1.60,1.60
2010.07.23 08:07:01.865,1.33405,1.33435,1.60,4.00
2010.07.23 08:07:02.624,1.33405,1.33435,1.60,3.20
2010.07.23 08:07:03.360,1.334,1.3342,2.40,1.60
2010.07.23 08:07:03.507,1.334,1.33425,1.00,3.20
2010.07.23 08:07:04.693,1.334,1.33425,1.00,4.80
2010.07.23 08:07:04.990,1.334,1.33425,4.40,1.60
2010.07.23 08:07:05.276,1.334,1.33425,5.20,3.20
2010.07.23 08:07:06.306,1.33405,1.33425,1.00,1.60
2010.07.23 08:07:06.528,1.3341,1.33425,1.20,1.60
2010.07.23 08:07:07.556,1.33415,1.3344,4.40,1.00
2010.07.23 08:07:09.404,1.3342,1.33445,1.00,3.20
2010.07.23 08:07:10.495,1.3342,1.33445,1.60,3.20
2010.07.23 08:07:10.760,1.3342,1.33445,1.20,2.40
2010.07.23 08:07:12.530,1.3342,1.33445,1.20,1.60
2010.07.23 08:07:13.572,1.33425,1.3345,1.00,1.00
2010.07.23 08:07:14.605,1.3343,1.33455,1.00,1.60
2010.07.23 08:07:14.828,1.3342,1.33435,3.20,3.20
2010.07.23 08:07:15.056,1.3342,1.3343,1.60,1.00
2010.07.23 08:07:16.101,1.3341,1.33435,1.00,2.40
2010.07.23 08:07:16.370,1.3341,1.33435,1.00,3.20
2010.07.23 08:07:17.461,1.3341,1.33435,1.20,1.60
2010.07.23 08:07:18.030,1.3341,1.33435,1.00,1.60
2010.07.23 08:07:19.221,1.334,1.3343,3.60,1.60
2010.07.23 08:07:20.133,1.334,1.33425,1.00,1.00
2010.07.23 08:07:20.398,1.334,1.33425,1.00,2.40
2010.07.23 08:07:21.871,1.3339,1.3342,4.00,1.00
2010.07.23 08:07:22.991,1.3339,1.3342,1.60,4.00
2010.07.23 08:07:23.313,1.3339,1.33415,1.60,3.20
2010.07.23 08:07:24.417,1.3339,1.33415,1.60,1.60
2010.07.23 08:07:26.494,1.3339,1.3342,1.60,3.20
2010.07.23 08:07:26.602,1.3339,1.33415,1.60,1.00
2010.07.23 08:07:29.704,1.3339,1.33415,1.00,1.00
2010.07.23 08:07:31.726,1.3339,1.33415,1.00,2.40
2010.07.23 08:07:33.251,1.3338,1.3341,4.40,1.00
2010.07.23 08:07:33.360,1.3338,1.3341,4.40,2.40
2010.07.23 08:07:33.459,1.3338,1.3341,4.40,4.00
2010.07.23 08:07:34.312,1.3338,1.3341,4.40,4.80
2010.07.23 08:07:34.599,1.33385,1.33415,1.00,6.40
2010.07.23 08:07:35.644,1.33385,1.33415,2.40,8.00
2010.07.23 08:07:35.886,1.33385,1.33415,2.40,6.40
2010.07.23 08:07:36.348,1.33385,1.33415,1.00,8.00
2010.07.23 08:07:37.429,1.33385,1.33415,1.00,9.20
2010.07.23 08:07:39.032,1.3338,1.3341,4.00,1.00
2010.07.23 08:07:39.362,1.3338,1.3341,4.40,1.00
2010.07.23 08:07:41.581,1.3338,1.3341,4.40,4.00
2010.07.23 08:07:42.834,1.3338,1.3341,4.40,2.40
2010.07.23 08:07:43.149,1.3339,1.3341,1.00,1.00
2010.07.23 08:07:44.224,1.3339,1.33415,1.00,1.00
2010.07.23 08:07:47.097,1.33385,1.3341,2.80,1.00
2010.07.23 08:07:47.369,1.33385,1.33405,3.20,1.00
2010.07.23 08:07:48.387,1.33385,1.33405,1.60,1.00
2010.07.23 08:07:50.468,1.3339,1.33405,1.00,1.00
2010.07.23 08:07:50.639,1.3339,1.3341,2.40,1.00
2010.07.23 08:07:50.810,1.3339,1.3341,1.00,1.00
2010.07.23 08:07:51.846,1.33395,1.33415,1.60,1.60
2010.07.23 08:07:52.286,1.33385,1.33415,6.40,1.60
2010.07.23 08:07:53.275,1.33385,1.3341,4.00,1.00
2010.07.23 08:07:53.542,1.33385,1.3341,2.40,1.00
2010.07.23 08:07:55.360,1.3339,1.3341,1.00,2.40
2010.07.23 08:07:57.002,1.3339,1.3341,1.00,1.00
2010.07.23 08:07:57.244,1.33385,1.3341,1.60,1.60
2010.07.23 08:07:57.478,1.33385,1.3341,1.60,1.00
2010.07.23 08:07:59.327,1.33385,1.3341,1.60,1.60
2010.07.23 08:08:01.742,1.33385,1.3341,5.60,1.00
2010.07.23 08:08:02.008,1.334,1.3342,1.00,1.60
2010.07.23 08:08:03.324,1.33425,1.33455,1.20,3.20
2010.07.23 08:08:03.643,1.3343,1.3346,1.60,7.20
2010.07.23 08:08:04.418,1.3343,1.3346,3.20,7.20
2010.07.23 08:08:04.708,1.33445,1.33465,1.00,1.60
2010.07.23 08:08:05.728,1.33445,1.33465,2.40,1.60
2010.07.23 08:08:05.950,1.3345,1.3346,1.00,1.00
2010.07.23 08:08:06.399,1.33455,1.3346,1.00,1.00
2010.07.23 08:08:07.474,1.3345,1.3346,1.60,1.00
2010.07.23 08:08:08.761,1.3345,1.3346,1.00,1.00
2010.07.23 08:08:08.971,1.33435,1.33455,1.00,1.60
2010.07.23 08:08:10.203,1.3343,1.33455,1.60,1.60
2010.07.23 08:08:10.483,1.33425,1.3345,6.40,1.60
2010.07.23 08:08:11.545,1.33415,1.3344,2.40,2.40
2010.07.23 08:08:11.803,1.3342,1.33445,1.60,3.20
2010.07.23 08:08:12.617,1.3342,1.3344,3.20,1.00
2010.07.23 08:08:12.936,1.33425,1.3345,1.00,4.80
2010.07.23 08:08:13.998,1.33425,1.3345,2.40,1.60
2010.07.23 08:08:15.045,1.3342,1.33445,1.00,1.60
2010.07.23 08:08:16.561,1.3342,1.3345,1.00,2.40
2010.07.23 08:08:18.047,1.33415,1.33445,5.60,1.00
2010.07.23 08:08:18.297,1.3342,1.3345,4.80,1.00
2010.07.23 08:08:19.420,1.33425,1.3345,2.40,1.00
2010.07.23 08:08:20.412,1.3343,1.3345,1.00,1.00
2010.07.23 08:08:20.658,1.33425,1.3345,2.40,1.00
2010.07.23 08:08:21.691,1.33425,1.3345,4.00,1.00
2010.07.23 08:08:21.963,1.33425,1.3345,2.40,1.00
2010.07.23 08:08:22.909,1.33425,1.3345,3.20,1.00
2010.07.23 08:08:23.208,1.3342,1.33445,2.40,1.00
2010.07.23 08:08:24.272,1.3342,1.33445,1.60,3.60
2010.07.23 08:08:24.546,1.33405,1.33435,4.00,2.40
2010.07.23 08:08:24.821,1.33405,1.33435,5.60,1.00
2010.07.23 08:08:26.056,1.33415,1.33445,9.60,1.00
2010.07.23 08:08:26.263,1.3342,1.33445,1.00,1.00
2010.07.23 08:08:27.054,1.3342,1.3344,1.00,1.00
2010.07.23 08:08:27.404,1.33415,1.3344,1.60,1.00
2010.07.23 08:08:28.471,1.3341,1.3344,2.40,1.00
2010.07.23 08:08:28.710,1.3342,1.3344,1.60,1.00
2010.07.23 08:08:29.732,1.33425,1.33445,1.60,2.40
2010.07.23 08:08:31.069,1.3342,1.33445,3.20,2.40
2010.07.23 08:08:31.450,1.3342,1.33445,1.60,2.40
2010.07.23 08:08:32.409,1.3342,1.3344,1.00,1.00
2010.07.23 08:08:32.677,1.3342,1.33455,4.00,4.80
2010.07.23 08:08:32.943,1.3342,1.3345,4.00,1.00
2010.07.23 08:08:33.861,1.3342,1.3345,2.40,2.40
2010.07.23 08:08:34.117,1.3342,1.3344,1.60,1.00
2010.07.23 08:08:35.170,1.33415,1.3344,4.80,1.00
2010.07.23 08:08:35.449,1.33415,1.33435,1.60,1.00
2010.07.23 08:08:36.713,1.33415,1.3343,1.00,1.00
2010.07.23 08:08:37.823,1.3341,1.33435,1.00,2.40
2010.07.23 08:08:38.119,1.3341,1.3343,1.00,1.00
2010.07.23 08:08:39.164,1.3341,1.33435,1.00,2.40
2010.07.23 08:08:39.416,1.33405,1.33435,4.00,1.60
2010.07.23 08:08:41.300,1.3341,1.33435,1.00,1.00
2010.07.23 08:08:42.888,1.3341,1.3343,1.00,1.00
2010.07.23 08:08:45.401,1.3341,1.3343,2.40,1.00
2010.07.23 08:08:45.660,1.3341,1.3343,2.40,1.60
2010.07.23 08:08:45.921,1.33405,1.3343,3.20,1.60
2010.07.23 08:08:46.927,1.33405,1.3343,3.20,1.00
2010.07.23 08:08:47.285,1.334,1.33425,1.00,1.00
2010.07.23 08:08:47.679,1.33395,1.3342,2.40,1.00
2010.07.23 08:08:48.577,1.3339,1.3341,1.00,1.00
2010.07.23 08:08:48.767,1.33385,1.3341,4.00,1.00
2010.07.23 08:08:48.949,1.33385,1.3341,2.40,1.60
2010.07.23 08:08:51.072,1.33385,1.3341,2.40,1.00
2010.07.23 08:08:52.036,1.33385,1.3341,2.40,1.60
2010.07.23 08:08:52.336,1.33385,1.3341,1.00,1.60
2010.07.23 08:08:52.486,1.33385,1.3341,2.40,1.60
2010.07.23 08:08:52.631,1.33385,1.3341,1.00,1.60
2010.07.23 08:08:53.510,1.33385,1.3341,2.40,1.60
2010.07.23 08:08:53.716,1.33385,1.33415,4.00,3.20
2010.07.23 08:08:53.918,1.3339,1.33415,1.00,4.00
2010.07.23 08:08:54.120,1.3339,1.33415,2.40,1.60
2010.07.23 08:08:54.322,1.3339,1.33415,4.00,1.60
2010.07.23 08:08:55.258,1.3339,1.3342,4.00,1.60
2010.07.23 08:08:55.473,1.334,1.33425,5.20,1.00
2010.07.23 08:08:56.475,1.334,1.33425,3.20,2.40
2010.07.23 08:08:56.825,1.33395,1.33425,2.40,4.00
2010.07.23 08:08:57.168,1.334,1.33425,1.00,3.20
2010.07.23 08:08:58.364,1.33405,1.33435,4.00,4.80
2010.07.23 08:08:58.609,1.3341,1.33435,1.60,3.20
2010.07.23 08:08:59.806,1.3341,1.33435,3.20,2.40
2010.07.23 08:09:00.157,1.3342,1.33445,1.00,1.60
2010.07.23 08:09:01.330,1.3342,1.3345,2.40,3.20
2010.07.23 08:09:01.493,1.3342,1.3345,4.00,2.40
2010.07.23 08:09:02.899,1.3342,1.33445,3.20,1.00
2010.07.23 08:09:03.227,1.33395,1.33425,4.00,2.40
2010.07.23 08:09:03.556,1.33395,1.33425,2.40,3.20
2010.07.23 08:09:04.835,1.33395,1.33425,4.00,3.20
2010.07.23 08:09:05.863,1.33405,1.33425,1.00,1.60
2010.07.23 08:09:06.015,1.334,1.33425,4.00,1.60
2010.07.23 08:09:07.244,1.33405,1.3343,1.00,1.00
2010.07.23 08:09:07.545,1.33405,1.33425,1.60,1.60
2010.07.23 08:09:09.237,1.33395,1.33415,3.20,1.60
2010.07.23 08:09:09.543,1.334,1.33415,1.60,1.60
2010.07.23 08:09:12.743,1.334,1.33425,2.40,1.60
2010.07.23 08:09:12.910,1.334,1.33425,4.00,1.60
2010.07.23 08:09:16.032,1.334,1.3342,3.20,1.00
2010.07.23 08:09:16.078,1.3339,1.33415,4.00,1.60
2010.07.23 08:09:16.246,1.3339,1.33415,3.20,1.60
2010.07.23 08:09:18.179,1.3339,1.33415,1.60,3.20
2010.07.23 08:09:18.983,1.3339,1.33415,1.00,3.20
2010.07.23 08:09:19.498,1.33385,1.3341,2.40,1.60
2010.07.23 08:09:20.704,1.3339,1.33405,1.00,1.60
2010.07.23 08:09:20.837,1.3339,1.33415,1.60,3.20
2010.07.23 08:09:21.088,1.3339,1.33415,1.60,1.60
2010.07.23 08:09:21.218,1.3339,1.3342,1.60,5.60
2010.07.23 08:09:22.059,1.33395,1.3342,1.00,3.20
2010.07.23 08:09:22.388,1.334,1.3342,1.60,1.60
2010.07.23 08:09:23.441,1.334,1.33425,1.60,2.40
2010.07.23 08:09:23.683,1.334,1.33425,1.00,4.00
2010.07.23 08:09:23.915,1.33395,1.3342,1.60,2.40
2010.07.23 08:09:24.792,1.33395,1.33415,1.60,1.60
2010.07.23 08:09:25.112,1.3338,1.33405,1.00,2.40
2010.07.23 08:09:26.197,1.3338,1.33405,1.00,1.60
2010.07.23 08:09:26.491,1.3338,1.33405,1.60,2.40
2010.07.23 08:09:27.528,1.3338,1.33405,3.20,1.60
2010.07.23 08:09:28.555,1.33405,1.33425,1.00,4.00
2010.07.23 08:09:28.835,1.3341,1.33425,1.00,1.60
2010.07.23 08:09:29.132,1.33415,1.33425,1.00,1.60
2010.07.23 08:09:30.197,1.33405,1.3344,5.60,4.00
2010.07.23 08:09:30.441,1.33405,1.33435,4.00,2.40
2010.07.23 08:09:31.424,1.33405,1.3344,8.80,4.00
2010.07.23 08:09:31.628,1.3341,1.33435,1.00,1.60
2010.07.23 08:09:32.030,1.3341,1.33435,2.40,1.60
2010.07.23 08:09:32.428,1.3341,1.33435,1.00,1.60
2010.07.23 08:09:33.338,1.3341,1.3344,2.40,1.00
2010.07.23 08:09:33.687,1.3341,1.3344,4.80,2.40
2010.07.23 08:09:34.040,1.33415,1.3344,1.00,1.60
2010.07.23 08:09:35.089,1.33415,1.3344,2.40,1.00
2010.07.23 08:09:35.297,1.33415,1.3344,1.00,1.00
2010.07.23 08:09:36.229,1.3341,1.3344,4.00,1.00
2010.07.23 08:09:36.492,1.3341,1.3344,4.80,2.40
2010.07.23 08:09:37.502,1.3342,1.33445,2.40,1.60
2010.07.23 08:09:37.755,1.33425,1.33455,2.40,4.80
2010.07.23 08:09:37.994,1.3343,1.33455,1.00,1.60
2010.07.23 08:09:39.001,1.33425,1.33455,3.60,4.00
2010.07.23 08:09:39.289,1.33435,1.33455,1.00,1.60
2010.07.23 08:09:40.333,1.3344,1.3346,1.00,1.00
2010.07.23 08:09:40.620,1.33445,1.33465,1.00,1.60
2010.07.23 08:09:43.043,1.33445,1.33465,1.00,3.20
2010.07.23 08:09:43.993,1.3343,1.3346,4.00,1.00
2010.07.23 08:09:44.253,1.3343,1.33455,4.00,1.60
2010.07.23 08:09:45.531,1.3343,1.33455,2.40,1.60
2010.07.23 08:09:45.680,1.33435,1.33455,1.00,1.60
2010.07.23 08:09:45.821,1.33435,1.3346,1.00,1.60
2010.07.23 08:09:46.941,1.3345,1.3347,1.00,1.60
2010.07.23 08:09:47.299,1.33435,1.33465,4.00,2.40
2010.07.23 08:09:48.404,1.33435,1.3345,1.60,1.60
2010.07.23 08:09:49.219,1.33435,1.33455,1.60,5.60
2010.07.23 08:09:49.462,1.3343,1.33455,1.60,3.20
2010.07.23 08:09:50.487,1.3343,1.33455,1.60,1.00
2010.07.23 08:09:51.582,1.3343,1.33455,1.00,1.60
2010.07.23 08:09:51.813,1.33435,1.3346,1.00,3.20
2010.07.23 08:09:52.969,1.3343,1.33455,1.00,3.20
2010.07.23 08:09:54.064,1.33435,1.33455,1.00,3.20
2010.07.23 08:09:54.368,1.33435,1.33455,1.00,1.60
2010.07.23 08:09:55.441,1.33425,1.33445,1.00,1.60
2010.07.23 08:09:55.707,1.33425,1.3345,1.00,2.40
2010.07.23 08:09:56.692,1.3342,1.3345,4.00,2.40
2010.07.23 08:09:56.919,1.33425,1.3345,1.60,2.40
2010.07.23 08:09:57.151,1.33425,1.3345,2.40,2.40
2010.07.23 08:09:58.246,1.33425,1.3345,2.40,1.00
2010.07.23 08:09:58.550,1.3343,1.3345,1.00,1.00
2010.07.23 08:09:59.697,1.3344,1.3346,2.40,1.60
2010.07.23 08:10:00.724,1.33435,1.3346,1.00,3.20
2010.07.23 08:10:00.933,1.3344,1.3346,1.00,1.60
2010.07.23 08:10:01.983,1.3344,1.33465,1.00,3.20
2010.07.23 08:10:02.222,1.3344,1.3346,1.00,1.60
2010.07.23 08:10:03.410,1.33445,1.33465,1.00,4.80
2010.07.23 08:10:04.513,1.33445,1.33465,1.00,4.00
2010.07.23 08:10:04.865,1.3344,1.33465,1.00,1.00
2010.07.23 08:10:05.113,1.3344,1.33465,1.00,2.40
2010.07.23 08:10:06.333,1.3344,1.33465,1.00,1.00
2010.07.23 08:10:07.611,1.3344,1.33465,1.00,2.40
2010.07.23 08:10:07.865,1.33445,1.33465,1.00,2.40
2010.07.23 08:10:08.895,1.33445,1.3347,2.40,1.60
2010.07.23 08:10:09.194,1.33445,1.33475,2.40,2.40
2010.07.23 08:10:10.262,1.33445,1.33475,2.40,4.80
2010.07.23 08:10:10.495,1.33445,1.3347,2.40,1.60
2010.07.23 08:10:10.720,1.33445,1.33465,1.60,1.00
2010.07.23 08:10:11.491,1.33445,1.3346,1.60,1.00
2010.07.23 08:10:11.707,1.33435,1.3346,1.00,2.40
2010.07.23 08:10:12.959,1.33425,1.3345,1.00,2.40
2010.07.23 08:10:14.057,1.33425,1.33445,1.00,1.60
2010.07.23 08:10:14.272,1.33415,1.3344,1.60,1.60
2010.07.23 08:10:15.235,1.33405,1.3343,1.60,1.60
2010.07.23 08:10:15.929,1.33405,1.33435,1.60,8.00
2010.07.23 08:10:17.462,1.33405,1.33435,1.60,7.20
2010.07.23 08:10:17.604,1.33405,1.33435,3.20,7.20
2010.07.23 08:10:17.742,1.33405,1.33435,3.20,5.60
2010.07.23 08:10:18.852,1.33405,1.33435,1.00,8.00
2010.07.23 08:10:20.623,1.33415,1.33435,1.00,7.20
2010.07.23 08:10:20.790,1.33415,1.33435,1.00,4.00
2010.07.23 08:10:21.729,1.3341,1.33435,2.40,1.00
2010.07.23 08:10:21.989,1.3341,1.3344,2.40,2.40
2010.07.23 08:10:22.241,1.33415,1.3344,1.00,1.60
2010.07.23 08:10:23.217,1.33415,1.33445,1.00,8.40
2010.07.23 08:10:23.515,1.3342,1.33445,1.00,10.40
2010.07.23 08:10:23.807,1.3342,1.33445,1.00,4.80
2010.07.23 08:10:24.859,1.3342,1.33445,1.00,1.60
2010.07.23 08:10:25.096,1.33425,1.33455,4.00,3.20
2010.07.23 08:10:25.337,1.33425,1.33445,1.60,1.60
2010.07.23 08:10:25.571,1.33425,1.3345,1.60,1.60
2010.07.23 08:10:26.542,1.3342,1.33455,2.40,8.00
2010.07.23 08:10:26.741,1.3342,1.3345,2.40,1.60
2010.07.23 08:10:26.942,1.33425,1.3345,1.00,1.60
2010.07.23 08:10:27.912,1.33425,1.33455,2.40,1.00
2010.07.23 08:10:28.176,1.3344,1.3346,1.00,2.40
2010.07.23 08:10:30.000,1.33435,1.3346,3.20,1.00
2010.07.23 08:10:31.188,1.33435,1.3346,4.80,1.00
2010.07.23 08:10:31.989,1.3344,1.3346,1.00,1.00
2010.07.23 08:10:32.149,1.33445,1.3346,1.00,1.00
2010.07.23 08:10:34.408,1.33445,1.3346,2.40,1.00
2010.07.23 08:10:35.361,1.3344,1.3346,4.00,1.00
2010.07.23 08:10:35.609,1.3344,1.3346,2.40,1.00
2010.07.23 08:10:36.439,1.3345,1.3346,1.00,1.00
2010.07.23 08:10:38.302,1.33445,1.3346,3.20,1.00
2010.07.23 08:10:39.744,1.3345,1.3346,1.00,1.00
2010.07.23 08:10:39.988,1.3345,1.3346,2.40,1.00
2010.07.23 08:10:41.528,1.3345,1.3346,1.00,1.00
2010.07.23 08:10:42.937,1.33445,1.3346,1.60,1.00
2010.07.23 08:10:43.190,1.33435,1.3346,4.80,1.00
2010.07.23 08:10:44.028,1.33435,1.3346,2.40,1.00
2010.07.23 08:10:44.327,1.33435,1.3346,3.20,1.00
2010.07.23 08:10:45.123,1.33435,1.3346,2.40,1.00
2010.07.23 08:10:45.443,1.3346,1.3347,1.00,1.00
2010.07.23 08:10:45.759,1.33455,1.3348,3.20,1.60
2010.07.23 08:10:46.848,1.3345,1.33475,1.00,4.00
2010.07.23 08:10:48.183,1.3345,1.33475,1.00,2.40
2010.07.23 08:10:48.833,1.3345,1.33475,1.00,4.00
2010.07.23 08:10:49.839,1.3345,1.33475,1.60,1.60
2010.07.23 08:10:51.159,1.33445,1.33475,1.00,8.00
2010.07.23 08:10:51.407,1.33445,1.33475,1.60,4.80
2010.07.23 08:10:52.443,1.33445,1.3347,1.00,2.40
2010.07.23 08:10:54.356,1.3345,1.3347,1.00,2.40
2010.07.23 08:10:54.438,1.3345,1.3347,1.00,1.00
2010.07.23 08:10:55.527,1.33445,1.3347,1.00,1.00
2010.07.23 08:10:57.159,1.33445,1.33465,1.00,1.60
2010.07.23 08:10:57.397,1.3346,1.33475,1.00,1.00
2010.07.23 08:10:57.620,1.33465,1.3348,1.00,3.20
2010.07.23 08:10:58.560,1.33465,1.3348,1.00,1.00
2010.07.23 08:10:58.815,1.33475,1.3349,1.00,1.60
2010.07.23 08:10:59.829,1.3347,1.3349,1.00,1.60
2010.07.23 08:10:59.877,1.33475,1.33495,1.60,1.60
2010.07.23 08:11:00.636,1.33475,1.33495,1.60,1.00
2010.07.23 08:11:01.517,1.33475,1.335,1.60,1.60
2010.07.23 08:11:01.713,1.33465,1.33495,1.60,3.60
2010.07.23 08:11:01.894,1.33465,1.33495,2.40,4.00
2010.07.23 08:11:02.070,1.33465,1.33495,1.00,4.00
2010.07.23 08:11:02.861,1.33465,1.3349,1.00,1.00
2010.07.23 08:11:03.208,1.33465,1.3349,1.00,1.60
2010.07.23 08:11:07.904,1.33475,1.33495,1.00,3.20
2010.07.23 08:11:08.152,1.33475,1.33495,1.00,1.60
2010.07.23 08:11:09.177,1.3347,1.33495,1.00,1.60
2010.07.23 08:11:09.426,1.3347,1.33495,1.00,3.20
2010.07.23 08:11:09.674,1.3347,1.33495,1.00,1.60
2010.07.23 08:11:10.681,1.3347,1.3349,1.00,1.60
2010.07.23 08:11:10.973,1.33465,1.33485,1.60,1.60
2010.07.23 08:11:11.259,1.3346,1.33485,2.40,1.60
2010.07.23 08:11:12.343,1.33455,1.3348,4.00,1.60
2010.07.23 08:11:15.091,1.33455,1.3348,2.40,1.60
2010.07.23 08:11:16.012,1.33455,1.33475,1.00,1.00
2010.07.23 08:11:16.179,1.33445,1.3347,1.00,1.00
2010.07.23 08:11:16.341,1.33445,1.33465,1.00,1.00
2010.07.23 08:11:17.832,1.33445,1.3346,1.00,4.80
2010.07.23 08:11:18.108,1.33435,1.3346,3.20,8.00
2010.07.23 08:11:18.385,1.3343,1.33455,1.60,4.00
2010.07.23 08:11:19.430,1.33425,1.33455,1.00,8.00
2010.07.23 08:11:19.782,1.3342,1.33445,1.00,3.60
2010.07.23 08:11:20.036,1.33415,1.3344,4.00,1.00
2010.07.23 08:11:21.076,1.33415,1.3344,1.00,3.20
2010.07.23 08:11:21.354,1.33415,1.3344,1.00,1.00
2010.07.23 08:11:22.154,1.33415,1.3344,2.40,1.00
2010.07.23 08:11:22.374,1.3342,1.3344,1.00,1.00
2010.07.23 08:11:23.737,1.33415,1.3344,2.40,1.00
2010.07.23 08:11:24.014,1.33415,1.33445,3.20,3.20
2010.07.23 08:11:24.291,1.3342,1.33445,1.60,3.20
2010.07.23 08:11:27.518,1.3342,1.33445,1.60,4.80
2010.07.23 08:11:27.796,1.3342,1.33445,1.60,3.20
2010.07.23 08:11:30.328,1.3343,1.33445,1.60,1.60
2010.07.23 08:11:31.218,1.33425,1.33445,4.80,1.60
2010.07.23 08:11:31.527,1.33425,1.33445,1.00,2.40
2010.07.23 08:11:32.596,1.3343,1.33445,1.00,2.40
2010.07.23 08:11:32.906,1.33435,1.33445,1.00,2.40
2010.07.23 08:11:34.906,1.3343,1.33455,2.40,3.20
2010.07.23 08:11:35.039,1.3343,1.33455,2.40,2.40
2010.07.23 08:11:36.109,1.33435,1.33455,1.60,2.40
2010.07.23 08:11:37.496,1.3343,1.33455,2.40,2.40
2010.07.23 08:11:37.761,1.33435,1.33455,1.60,2.40
2010.07.23 08:11:38.779,1.33435,1.33455,1.60,1.00
2010.07.23 08:11:40.293,1.3343,1.33455,2.40,1.00
2010.07.23 08:11:40.841,1.33435,1.33455,1.00,1.00
2010.07.23 08:11:42.268,1.3344,1.3346,1.00,1.00
2010.07.23 08:11:43.778,1.3344,1.3346,1.00,1.60
2010.07.23 08:11:44.114,1.3343,1.3346,1.60,4.00
2010.07.23 08:11:44.451,1.3343,1.33455,1.00,1.00
2010.07.23 08:11:45.560,1.3343,1.33455,2.40,1.00
2010.07.23 08:11:45.629,1.3343,1.3345,2.40,1.00
2010.07.23 08:11:46.561,1.3343,1.33455,2.40,1.00
2010.07.23 08:11:48.816,1.3342,1.3345,2.40,2.40
2010.07.23 08:11:48.983,1.3343,1.33445,1.00,1.60
2010.07.23 08:11:49.151,1.3342,1.33445,2.40,2.40
2010.07.23 08:11:49.318,1.3342,1.33445,1.00,2.40
2010.07.23 08:11:51.078,1.3342,1.33445,2.40,2.40
2010.07.23 08:11:52.498,1.3342,1.33445,1.00,2.40
2010.07.23 08:11:53.467,1.3342,1.33445,1.00,3.20
2010.07.23 08:11:53.734,1.33425,1.33445,1.00,1.60
2010.07.23 08:11:54.884,1.3342,1.33445,4.00,1.60
2010.07.23 08:11:55.219,1.33415,1.3344,4.00,1.60
2010.07.23 08:11:55.542,1.33415,1.3344,2.40,3.20
2010.07.23 08:11:56.559,1.3342,1.3344,1.00,1.60
2010.07.23 08:11:57.313,1.3342,1.33435,1.00,1.60
2010.07.23 08:11:58.414,1.33415,1.33435,1.00,1.60
2010.07.23 08:11:59.240,1.3341,1.33435,1.00,1.60
2010.07.23 08:11:59.458,1.33415,1.33435,1.00,1.60
2010.07.23 08:11:59.806,1.33425,1.3344,1.00,1.60
2010.07.23 08:12:00.918,1.33425,1.33445,1.00,2.40
2010.07.23 08:12:02.750,1.33425,1.33445,1.00,1.00
2010.07.23 08:12:05.818,1.3342,1.3344,1.00,1.00
2010.07.23 08:12:08.753,1.33425,1.3344,2.40,1.00
2010.07.23 08:12:08.994,1.33425,1.33445,5.20,1.00
2010.07.23 08:12:09.965,1.3343,1.3346,2.40,4.00
2010.07.23 08:12:10.242,1.3343,1.3346,1.00,4.00
2010.07.23 08:12:10.760,1.3343,1.3345,1.00,1.60
2010.07.23 08:12:11.729,1.33425,1.3344,2.40,1.60
2010.07.23 08:12:12.078,1.33415,1.33435,1.00,1.60
2010.07.23 08:12:13.089,1.33425,1.33435,1.00,1.60
2010.07.23 08:12:13.291,1.33425,1.33445,1.00,2.40
2010.07.23 08:12:14.959,1.33435,1.3346,1.00,2.40
2010.07.23 08:12:16.064,1.33445,1.33465,1.00,5.60
2010.07.23 08:12:16.211,1.33445,1.3346,1.00,1.60
2010.07.23 08:12:16.354,1.3345,1.3346,1.60,1.60
2010.07.23 08:12:17.206,1.3345,1.33475,2.80,4.80
2010.07.23 08:12:17.555,1.3345,1.33465,1.00,1.60
2010.07.23 08:12:23.665,1.33445,1.33465,1.00,1.60
2010.07.23 08:12:25.187,1.3344,1.3346,1.00,1.60
2010.07.23 08:12:27.050,1.33435,1.3346,1.00,1.60
2010.07.23 08:12:28.073,1.3344,1.3346,1.00,1.60
2010.07.23 08:12:29.296,1.3343,1.3346,3.20,2.40
2010.07.23 08:12:30.299,1.3343,1.33455,1.00,3.20
2010.07.23 08:12:30.555,1.3341,1.33435,2.40,6.80
2010.07.23 08:12:30.813,1.3341,1.33425,2.40,1.00
2010.07.23 08:12:31.844,1.3341,1.33425,1.00,1.00
2010.07.23 08:12:33.132,1.3341,1.3343,1.00,1.00
2010.07.23 08:12:35.776,1.33405,1.3343,1.00,1.00
2010.07.23 08:12:35.973,1.33405,1.3343,1.00,2.40
2010.07.23 08:12:36.820,1.33405,1.3343,1.00,3.60
2010.07.23 08:12:37.172,1.3343,1.33435,1.60,1.00
2010.07.23 08:12:38.321,1.3343,1.3344,3.20,2.40
2010.07.23 08:12:38.639,1.33425,1.33455,3.20,4.00
2010.07.23 08:12:39.721,1.3342,1.33445,2.40,1.60
2010.07.23 08:12:40.050,1.3341,1.33435,1.00,1.00
2010.07.23 08:12:41.392,1.3342,1.3344,1.00,2.40
2010.07.23 08:12:41.604,1.3342,1.3344,1.00,1.60
2010.07.23 08:12:42.577,1.33425,1.3345,1.00,2.40
2010.07.23 08:12:42.859,1.33435,1.3345,1.00,1.60
2010.07.23 08:12:43.828,1.33435,1.33455,1.00,1.60
2010.07.23 08:12:44.077,1.33455,1.33475,1.00,1.60
2010.07.23 08:12:45.072,1.3346,1.33475,1.00,1.00
2010.07.23 08:12:45.379,1.3346,1.3348,1.00,1.60
2010.07.23 08:12:46.747,1.33465,1.3348,1.00,1.60
2010.07.23 08:12:47.038,1.3347,1.33485,1.00,1.60
2010.07.23 08:12:48.074,1.3347,1.3349,1.00,1.60
2010.07.23 08:12:48.428,1.33455,1.3348,2.40,1.60
2010.07.23 08:12:49.421,1.33455,1.3348,2.40,3.20
2010.07.23 08:12:49.664,1.33435,1.33455,1.60,1.00
2010.07.23 08:12:50.701,1.3343,1.3345,1.00,1.00
2010.07.23 08:12:52.321,1.33435,1.33455,1.00,1.00
2010.07.23 08:12:52.557,1.3344,1.3346,1.00,1.00
2010.07.23 08:12:53.605,1.33445,1.33465,1.00,1.00
2010.07.23 08:12:54.240,1.33445,1.3347,1.00,3.20
2010.07.23 08:12:55.326,1.3347,1.3349,1.00,2.40
2010.07.23 08:12:58.064,1.33475,1.3349,1.00,1.00
2010.07.23 08:12:59.539,1.3347,1.33485,1.00,1.00
2010.07.23 08:13:00.043,1.33465,1.33485,1.00,1.00
2010.07.23 08:13:01.062,1.33455,1.33485,2.40,1.60
2010.07.23 08:13:01.308,1.33455,1.33485,2.40,3.20
2010.07.23 08:13:03.262,1.33455,1.33485,2.40,4.00
2010.07.23 08:13:04.097,1.33455,1.3348,2.40,1.00
2010.07.23 08:13:04.339,1.33455,1.3348,2.40,3.20
2010.07.23 08:13:05.336,1.33455,1.33475,1.60,1.00
2010.07.23 08:13:05.569,1.33445,1.3347,4.00,1.00
2010.07.23 08:13:06.032,1.3345,1.3347,1.00,2.40
2010.07.23 08:13:06.970,1.3345,1.3347,1.00,1.00
2010.07.23 08:13:07.217,1.3345,1.33465,1.00,1.00
2010.07.23 08:13:07.462,1.3345,1.3347,1.00,1.60
2010.07.23 08:13:08.232,1.33445,1.3347,3.20,1.60
2010.07.23 08:13:08.573,1.33445,1.3347,1.60,3.20
2010.07.23 08:13:08.920,1.33445,1.3347,3.20,1.60
2010.07.23 08:13:10.002,1.33445,1.3347,1.60,1.60
2010.07.23 08:13:12.487,1.33455,1.33475,1.00,1.00
2010.07.23 08:13:12.687,1.33455,1.3348,1.00,3.20
2010.07.23 08:13:14.133,1.3345,1.33475,1.00,3.00
2010.07.23 08:13:14.429,1.33445,1.33475,1.60,11.80
2010.07.23 08:13:15.485,1.33445,1.3347,1.60,4.00
2010.07.23 08:13:15.724,1.33445,1.33465,1.60,1.60
2010.07.23 08:13:17.710,1.33445,1.3346,1.60,1.60
2010.07.23 08:13:18.895,1.33445,1.3346,1.00,2.40
2010.07.23 08:13:19.082,1.33445,1.33455,1.00,1.00
2010.07.23 08:13:19.883,1.33445,1.33455,1.00,1.60
2010.07.23 08:13:20.177,1.3343,1.3345,1.00,1.00
2010.07.23 08:13:20.464,1.33425,1.3345,4.00,1.00
2010.07.23 08:13:21.489,1.33425,1.3345,2.40,1.60
2010.07.23 08:13:21.690,1.33425,1.33445,1.00,1.60
2010.07.23 08:13:22.948,1.33395,1.3342,2.40,1.00
2010.07.23 08:13:23.256,1.33395,1.33425,2.40,3.20
2010.07.23 08:13:24.309,1.33405,1.3343,1.00,2.40
2010.07.23 08:13:25.372,1.33405,1.33425,1.00,2.40
2010.07.23 08:13:25.585,1.3339,1.3342,1.60,5.60
2010.07.23 08:13:26.638,1.334,1.3342,1.00,1.60
2010.07.23 08:13:27.202,1.334,1.33425,1.00,4.00
2010.07.23 08:13:28.263,1.33405,1.3342,1.00,1.60
2010.07.23 08:13:28.541,1.33405,1.33425,1.00,1.60
2010.07.23 08:13:29.358,1.3341,1.3343,1.00,1.60
2010.07.23 08:13:29.655,1.3341,1.3343,1.00,1.00
2010.07.23 08:13:30.721,1.33405,1.3343,1.60,1.60
2010.07.23 08:13:31.030,1.3341,1.33435,1.00,3.20
2010.07.23 08:13:31.905,1.3342,1.33435,1.00,1.60
2010.07.23 08:13:32.158,1.3342,1.3344,1.00,1.60
2010.07.23 08:13:33.477,1.33405,1.33435,9.60,2.40
2010.07.23 08:13:33.758,1.33405,1.3343,4.80,1.60
2010.07.23 08:13:34.565,1.33405,1.3343,4.80,3.20
2010.07.23 08:13:34.863,1.334,1.33425,1.00,2.40
2010.07.23 08:13:35.161,1.334,1.3342,1.00,1.60
2010.07.23 08:13:36.292,1.3339,1.3342,3.20,1.00
2010.07.23 08:13:36.571,1.33395,1.3342,1.00,1.60
2010.07.23 08:13:37.595,1.33405,1.33425,1.00,2.40
2010.07.23 08:13:37.863,1.33415,1.3344,1.00,3.20
2010.07.23 08:13:38.932,1.3342,1.33445,1.00,1.60
2010.07.23 08:13:39.453,1.33415,1.33445,1.60,2.40
2010.07.23 08:13:40.487,1.3341,1.3344,1.00,2.40
2010.07.23 08:13:40.761,1.3341,1.3344,1.00,3.20
2010.07.23 08:13:41.533,1.3341,1.3344,1.00,4.80
2010.07.23 08:13:41.737,1.33405,1.33435,5.60,3.20
2010.07.23 08:13:41.938,1.3341,1.33435,1.00,4.00
2010.07.23 08:13:42.135,1.33405,1.3343,2.40,1.60
2010.07.23 08:13:43.110,1.33405,1.33425,2.40,1.60
2010.07.23 08:13:43.419,1.33385,1.3341,1.00,3.20
2010.07.23 08:13:44.324,1.33385,1.33405,1.00,1.60
2010.07.23 08:13:44.628,1.33405,1.33425,1.00,4.80
2010.07.23 08:13:44.931,1.33405,1.33425,1.00,1.00
2010.07.23 08:13:45.977,1.334,1.33425,1.00,1.00
2010.07.23 08:13:46.236,1.334,1.33425,1.00,1.60
2010.07.23 08:13:46.739,1.334,1.33425,1.00,1.00
2010.07.23 08:13:47.825,1.334,1.33425,1.00,2.40
2010.07.23 08:13:48.159,1.334,1.3342,1.00,1.60
2010.07.23 08:13:49.176,1.33395,1.3342,1.00,1.60
2010.07.23 08:13:50.229,1.334,1.3342,1.00,1.60
2010.07.23 08:13:51.203,1.334,1.33425,1.60,4.00
2010.07.23 08:13:51.282,1.33415,1.3344,1.00,2.40
2010.07.23 08:13:52.405,1.33415,1.3344,1.00,1.60
2010.07.23 08:13:52.751,1.3341,1.3344,2.40,1.00
2010.07.23 08:13:53.825,1.3341,1.3344,2.40,3.20
2010.07.23 08:13:54.036,1.3341,1.3344,1.60,5.60
2010.07.23 08:13:54.248,1.3341,1.3343,1.00,1.00
2010.07.23 08:13:55.234,1.33395,1.3342,1.60,1.60
2010.07.23 08:13:55.541,1.3339,1.33415,1.60,3.20
2010.07.23 08:13:56.615,1.3339,1.33415,1.00,2.40
2010.07.23 08:13:58.403,1.33395,1.33415,1.00,1.00
2010.07.23 08:13:58.678,1.33395,1.3342,1.00,1.00
2010.07.23 08:14:00.045,1.33395,1.33425,1.60,5.60
2010.07.23 08:14:01.714,1.33405,1.33425,1.00,1.60
2010.07.23 08:14:02.825,1.334,1.33425,1.60,1.00
2010.07.23 08:14:03.138,1.334,1.3343,4.00,1.60
2010.07.23 08:14:04.217,1.3341,1.33435,1.00,4.00
2010.07.23 08:14:05.241,1.3342,1.33435,1.00,4.00
2010.07.23 08:14:05.274,1.3342,1.33445,1.00,2.40
2010.07.23 08:14:06.548,1.33415,1.33445,1.00,4.80
2010.07.23 08:14:06.897,1.33415,1.3344,1.00,1.00
2010.07.23 08:14:07.242,1.33415,1.3344,1.00,2.40
2010.07.23 08:14:08.374,1.3341,1.3343,1.00,1.00
2010.07.23 08:14:09.303,1.33415,1.33435,1.00,1.60
2010.07.23 08:14:09.448,1.33415,1.33435,2.40,1.00
2010.07.23 08:14:10.572,1.33405,1.3343,3.20,1.00
2010.07.23 08:14:11.896,1.33405,1.33435,1.60,6.00
2010.07.23 08:14:12.082,1.3341,1.33435,1.00,5.20
2010.07.23 08:14:14.499,1.3341,1.33435,1.00,3.60
2010.07.23 08:14:15.466,1.3341,1.33435,1.00,5.20
2010.07.23 08:14:15.588,1.33405,1.33435,1.60,5.20
2010.07.23 08:14:16.528,1.33415,1.33435,1.00,5.20
2010.07.23 08:14:16.976,1.3341,1.33435,1.00,3.60
2010.07.23 08:14:17.193,1.3341,1.33435,1.00,2.00
2010.07.23 08:14:18.370,1.33405,1.33435,1.60,2.80
2010.07.23 08:14:19.435,1.3341,1.33435,1.00,3.60
2010.07.23 08:14:19.970,1.3341,1.3344,1.00,6.80
2010.07.23 08:14:21.031,1.33425,1.33445,1.00,4.80
2010.07.23 08:14:21.119,1.3343,1.33445,1.00,4.80
2010.07.23 08:14:21.249,1.33425,1.33445,1.60,4.80
2010.07.23 08:14:21.298,1.33425,1.33445,1.60,3.20
2010.07.23 08:14:21.347,1.3342,1.33445,2.00,3.20
2010.07.23 08:14:21.398,1.3342,1.33445,1.00,2.00
2010.07.23 08:14:22.661,1.33435,1.33445,1.00,1.00
2010.07.23 08:14:22.914,1.33435,1.33455,1.00,1.60
2010.07.23 08:14:23.162,1.33435,1.33465,2.40,4.00
2010.07.23 08:14:24.152,1.3344,1.33465,1.00,2.00
2010.07.23 08:14:25.176,1.3344,1.33465,1.00,1.60
2010.07.23 08:14:28.872,1.33445,1.33465,1.00,1.60
2010.07.23 08:14:30.340,1.33445,1.33455,1.00,1.60
2010.07.23 08:14:30.613,1.3344,1.33465,1.00,4.50
2010.07.23 08:14:30.881,1.3344,1.33465,1.00,4.00
2010.07.23 08:14:31.945,1.33435,1.33465,2.40,4.80
2010.07.23 08:14:34.309,1.33435,1.3346,1.00,2.40
2010.07.23 08:14:34.601,1.33435,1.33465,1.60,4.80
2010.07.23 08:14:34.887,1.33435,1.33465,1.60,3.20
2010.07.23 08:14:36.250,1.3344,1.33465,1.00,4.00
2010.07.23 08:14:36.468,1.33435,1.33465,1.60,3.20
2010.07.23 08:14:37.888,1.33435,1.33465,4.00,1.60
2010.07.23 08:14:39.091,1.33455,1.33465,1.00,2.40
2010.07.23 08:14:39.339,1.3346,1.33485,1.00,1.60
2010.07.23 08:14:40.318,1.3346,1.33475,1.00,1.60
2010.07.23 08:14:40.616,1.3345,1.3348,1.00,4.40
2010.07.23 08:14:41.663,1.3344,1.33465,1.60,1.60
2010.07.23 08:14:41.885,1.33445,1.33465,1.00,1.60
2010.07.23 08:14:42.105,1.3344,1.33465,1.60,4.00
2010.07.23 08:14:43.083,1.3344,1.3346,1.00,1.60
2010.07.23 08:14:43.429,1.3343,1.3346,1.00,3.60
2010.07.23 08:14:43.777,1.33435,1.33455,1.00,1.00
2010.07.23 08:14:48.656,1.33435,1.33455,1.00,3.20
2010.07.23 08:14:48.959,1.3343,1.33455,1.00,3.20
2010.07.23 08:14:50.303,1.3342,1.3345,7.00,2.40
2010.07.23 08:14:50.520,1.3342,1.3345,4.00,4.00
2010.07.23 08:14:51.318,1.3342,1.3345,3.20,4.00
2010.07.23 08:14:52.319,1.3342,1.33445,3.20,1.60
2010.07.23 08:14:53.370,1.3342,1.33445,4.80,1.60
2010.07.23 08:14:53.514,1.3342,1.33445,2.40,3.20
2010.07.23 08:14:53.650,1.33415,1.33445,7.20,3.20
2010.07.23 08:14:54.757,1.33415,1.3344,2.40,1.00
2010.07.23 08:14:57.097,1.3342,1.3344,1.00,1.00
2010.07.23 08:14:58.406,1.33415,1.3344,5.60,1.00
2010.07.23 08:14:58.648,1.33415,1.3343,2.40,1.00
2010.07.23 08:14:58.885,1.33415,1.33435,1.60,1.00
2010.07.23 08:14:59.884,1.33415,1.33445,2.40,5.20
2010.07.23 08:15:00.120,1.3341,1.3344,1.00,4.00
2010.07.23 08:15:01.524,1.3341,1.3344,1.00,2.40
2010.07.23 08:15:01.788,1.3342,1.3344,1.00,3.20
2010.07.23 08:15:02.584,1.3342,1.3344,1.00,1.60
2010.07.23 08:15:02.897,1.3341,1.33435,1.00,3.60
2010.07.23 08:15:03.203,1.3341,1.33435,1.00,4.40
2010.07.23 08:15:03.513,1.33415,1.3344,1.00,1.60
2010.07.23 08:15:04.470,1.33415,1.3344,1.00,3.20
2010.07.23 08:15:04.787,1.33405,1.3343,2.40,1.60
2010.07.23 08:15:05.832,1.33395,1.3342,2.40,1.00
2010.07.23 08:15:06.429,1.33395,1.3342,2.40,2.40
2010.07.23 08:15:06.879,1.33405,1.3342,1.00,2.40
2010.07.23 08:15:07.955,1.334,1.3342,1.00,1.60
2010.07.23 08:15:08.301,1.334,1.3342,1.00,3.20
2010.07.23 08:15:09.471,1.3339,1.33405,1.00,1.00
2010.07.23 08:15:09.696,1.3339,1.3341,1.00,1.00
2010.07.23 08:15:10.694,1.3338,1.33405,1.00,1.00
2010.07.23 08:15:12.675,1.3339,1.33415,1.60,1.60
2010.07.23 08:15:13.639,1.33395,1.3342,1.00,1.60
2010.07.23 08:15:17.656,1.3339,1.33415,1.60,1.60
2010.07.23 08:15:18.797,1.3339,1.33415,1.00,1.60
2010.07.23 08:15:19.040,1.33385,1.33415,3.20,1.60
2010.07.23 08:15:19.759,1.3339,1.33415,1.00,1.60
2010.07.23 08:15:20.645,1.33395,1.3342,1.00,3.20
2010.07.23 08:15:20.920,1.3339,1.3342,1.00,4.00
2010.07.23 08:15:21.559,1.3339,1.33415,1.00,1.60
2010.07.23 08:15:22.667,1.33385,1.3341,2.40,1.60
2010.07.23 08:15:22.769,1.33385,1.33415,2.40,4.00
2010.07.23 08:15:22.869,1.33385,1.33415,1.00,5.60
2010.07.23 08:15:23.718,1.33385,1.3341,1.00,1.60
2010.07.23 08:15:26.678,1.33395,1.33415,1.00,3.20
2010.07.23 08:15:26.816,1.33395,1.3342,1.00,3.20
2010.07.23 08:15:29.350,1.33395,1.3342,1.00,2.40
2010.07.23 08:15:29.530,1.33395,1.3342,1.00,1.60
2010.07.23 08:15:29.698,1.33395,1.33425,1.00,4.80
2010.07.23 08:15:31.074,1.33395,1.3342,1.00,1.60
2010.07.23 08:15:31.319,1.33395,1.33425,1.00,4.80
2010.07.23 08:15:31.564,1.33395,1.33425,1.00,6.40
2010.07.23 08:15:33.343,1.33395,1.3342,1.00,1.60
2010.07.23 08:15:37.428,1.33395,1.33425,1.60,4.80
2010.07.23 08:15:37.706,1.33415,1.33435,1.00,3.20
2010.07.23 08:15:37.973,1.33405,1.33435,2.40,4.00
2010.07.23 08:15:39.031,1.3341,1.33435,1.00,4.80
2010.07.23 08:15:39.300,1.3341,1.33435,1.00,3.20
2010.07.23 08:15:42.353,1.33415,1.33445,2.40,4.00
2010.07.23 08:15:43.414,1.33415,1.33445,2.40,5.60
2010.07.23 08:15:44.941,1.33415,1.33445,4.00,5.60
2010.07.23 08:15:45.180,1.33415,1.3344,2.40,1.60
2010.07.23 08:15:46.451,1.3341,1.3344,1.00,4.00
2010.07.23 08:15:48.156,1.33415,1.3344,1.00,3.20
2010.07.23 08:15:48.457,1.33415,1.3344,1.00,1.60
2010.07.23 08:15:49.603,1.3342,1.3344,1.00,1.60
2010.07.23 08:15:49.809,1.3342,1.33445,1.00,1.60
2010.07.23 08:15:51.000,1.3341,1.3344,1.00,2.40
2010.07.23 08:15:52.256,1.33405,1.3344,4.00,4.00
2010.07.23 08:15:53.499,1.33405,1.33435,3.20,2.40
2010.07.23 08:15:54.551,1.33405,1.33435,1.60,4.00
2010.07.23 08:15:54.694,1.334,1.3343,2.40,1.60
2010.07.23 08:15:54.835,1.334,1.3343,1.60,1.60
2010.07.23 08:15:56.332,1.33405,1.3343,1.00,1.00
2010.07.23 08:16:00.279,1.334,1.3343,1.60,1.60
2010.07.23 08:16:01.098,1.33405,1.3343,1.00,1.00
2010.07.23 08:16:01.445,1.334,1.3343,1.60,2.40
2010.07.23 08:16:03.535,1.33405,1.3343,1.00,1.60
2010.07.23 08:16:06.707,1.33405,1.3343,1.60,2.40
2010.07.23 08:16:06.903,1.334,1.3343,1.60,1.00
2010.07.23 08:16:07.101,1.33405,1.33435,1.00,6.40
2010.07.23 08:16:07.290,1.33405,1.33435,1.00,5.60
2010.07.23 08:16:07.480,1.33405,1.33435,1.00,6.40
2010.07.23 08:16:08.409,1.33405,1.33435,1.00,4.80
2010.07.23 08:16:09.110,1.334,1.3343,1.60,2.40
2010.07.23 08:16:09.369,1.334,1.33425,1.60,1.60
2010.07.23 08:16:11.003,1.334,1.3343,1.00,4.00
2010.07.23 08:16:12.551,1.33395,1.3342,1.60,1.00
2010.07.23 08:16:12.891,1.3339,1.3342,2.40,2.40
2010.07.23 08:16:13.996,1.33385,1.3341,1.00,1.00
2010.07.23 08:16:16.356,1.3338,1.3341,1.60,1.60
2010.07.23 08:16:16.618,1.3338,1.33405,1.00,1.00
2010.07.23 08:16:19.440,1.3338,1.33405,1.00,1.60
2010.07.23 08:16:20.623,1.3338,1.3341,1.00,4.00
2010.07.23 08:16:20.842,1.3338,1.3341,1.00,1.00
2010.07.23 08:16:21.054,1.3338,1.33405,2.40,1.00
2010.07.23 08:16:21.271,1.33375,1.33405,2.40,6.40
2010.07.23 08:16:21.481,1.33375,1.33405,1.00,4.80
2010.07.23 08:16:22.759,1.33375,1.334,1.00,1.00
2010.07.23 08:16:23.408,1.3338,1.334,1.00,1.00
2010.07.23 08:16:24.641,1.33375,1.33405,2.40,1.00
2010.07.23 08:16:24.865,1.3338,1.33405,1.00,1.00
2010.07.23 08:16:29.413,1.3337,1.33395,1.60,2.40
2010.07.23 08:16:29.504,1.33365,1.33395,1.60,4.00
2010.07.23 08:16:29.590,1.33365,1.3339,1.60,1.60
2010.07.23 08:16:30.460,1.33365,1.3339,1.00,1.60
2010.07.23 08:16:30.802,1.33365,1.33395,1.00,5.60
2010.07.23 08:16:32.113,1.33365,1.33395,1.00,3.20
2010.07.23 08:16:33.319,1.3337,1.3339,1.00,1.00
2010.07.23 08:16:36.455,1.3337,1.3339,2.40,1.00
2010.07.23 08:16:38.658,1.3337,1.3339,1.00,1.00
2010.07.23 08:16:39.689,1.33365,1.3338,1.00,1.00
2010.07.23 08:16:39.882,1.33355,1.3338,1.00,1.00
2010.07.23 08:16:40.665,1.33355,1.3338,1.00,2.40
2010.07.23 08:16:40.945,1.3335,1.3338,2.40,1.00
2010.07.23 08:16:41.222,1.3335,1.3338,2.40,2.40
2010.07.23 08:16:41.502,1.3335,1.3338,2.40,1.00
2010.07.23 08:16:42.571,1.3335,1.3338,2.40,5.20
2010.07.23 08:16:42.855,1.3336,1.3338,1.00,1.20
2010.07.23 08:16:44.806,1.3336,1.33385,1.00,4.00
2010.07.23 08:16:44.999,1.3336,1.33385,1.00,4.40
2010.07.23 08:16:45.817,1.3336,1.33385,1.00,2.80
2010.07.23 08:16:48.336,1.33365,1.3339,1.00,1.00
2010.07.23 08:16:51.759,1.33365,1.33395,1.00,3.60
2010.07.23 08:16:52.941,1.33365,1.33395,1.00,3.20
2010.07.23 08:16:53.202,1.33365,1.33395,1.00,4.00
2010.07.23 08:16:53.359,1.33365,1.3339,1.00,1.60
2010.07.23 08:16:53.519,1.33365,1.3339,1.00,3.20
2010.07.23 08:16:54.364,1.3336,1.3339,2.40,4.80
2010.07.23 08:16:54.563,1.3336,1.33385,1.60,1.60
2010.07.23 08:16:55.799,1.3336,1.3339,1.60,4.00
2010.07.23 08:16:56.076,1.33365,1.33385,1.00,1.60
2010.07.23 08:16:57.216,1.33355,1.33375,1.00,1.00
2010.07.23 08:16:57.573,1.33345,1.33365,3.20,1.60
2010.07.23 08:16:58.679,1.33345,1.3337,2.40,1.60
2010.07.23 08:16:58.979,1.33345,1.3337,1.60,1.60
2010.07.23 08:17:00.314,1.33345,1.33375,1.60,4.80
2010.07.23 08:17:00.682,1.3335,1.33375,1.00,5.60
2010.07.23 08:17:01.572,1.3335,1.33375,1.00,4.00
2010.07.23 08:17:01.679,1.33335,1.33365,4.00,3.20
2010.07.23 08:17:02.555,1.33335,1.33365,4.00,3.60
2010.07.23 08:17:02.907,1.33335,1.33365,2.40,4.00
2010.07.23 08:17:03.103,1.33335,1.33365,2.40,2.40
2010.07.23 08:17:04.282,1.33345,1.33375,2.40,4.00
2010.07.23 08:17:04.783,1.33345,1.33375,2.40,6.80
2010.07.23 08:17:05.796,1.3334,1.33365,1.00,1.20
2010.07.23 08:17:06.082,1.33335,1.33355,1.00,2.40
2010.07.23 08:17:06.985,1.33335,1.33355,1.00,1.60
2010.07.23 08:17:07.545,1.33335,1.33355,1.00,3.20
2010.07.23 08:17:08.612,1.33325,1.33355,2.40,2.40
2010.07.23 08:17:10.030,1.3333,1.33355,1.00,2.40
2010.07.23 08:17:10.219,1.33325,1.33355,2.40,5.60
2010.07.23 08:17:11.313,1.33335,1.33355,1.00,1.60
2010.07.23 08:17:12.814,1.33325,1.33355,2.40,5.60
2010.07.23 08:17:13.890,1.33325,1.3335,1.00,1.60
2010.07.23 08:17:15.977,1.33325,1.33355,1.00,7.20
2010.07.23 08:17:16.057,1.33325,1.33355,1.00,4.80
2010.07.23 08:17:16.223,1.33325,1.33355,1.00,6.40
2010.07.23 08:17:17.107,1.33325,1.33355,1.00,5.60
2010.07.23 08:17:19.378,1.33325,1.33355,1.00,4.80
2010.07.23 08:17:19.412,1.33325,1.33355,1.00,3.20
2010.07.23 08:17:20.230,1.33335,1.33355,1.00,1.60
2010.07.23 08:17:20.478,1.3334,1.33355,1.00,1.60
2010.07.23 08:17:20.730,1.33345,1.33365,1.00,4.00
2010.07.23 08:17:21.838,1.33345,1.33365,1.00,1.60
2010.07.23 08:17:22.168,1.33345,1.33375,2.40,4.80
2010.07.23 08:17:22.981,1.33345,1.33375,2.40,5.20
2010.07.23 08:17:23.267,1.33355,1.33375,1.00,1.60
2010.07.23 08:17:23.551,1.33355,1.3338,1.00,1.00
2010.07.23 08:17:25.819,1.3336,1.33385,1.60,4.00
2010.07.23 08:17:26.030,1.3336,1.33385,1.60,3.20
2010.07.23 08:17:27.006,1.33365,1.33385,1.00,2.40
2010.07.23 08:17:27.857,1.33365,1.33385,1.00,1.60
2010.07.23 08:17:28.072,1.3336,1.33385,1.00,1.20
2010.07.23 08:17:29.044,1.33355,1.3338,2.40,2.00
2010.07.23 08:17:29.385,1.3335,1.33375,1.00,1.00
2010.07.23 08:17:30.884,1.33365,1.33385,1.00,3.20
2010.07.23 08:17:31.362,1.33365,1.33385,1.00,1.60
2010.07.23 08:17:31.601,1.3336,1.33385,1.00,1.60
2010.07.23 08:17:32.628,1.33365,1.3338,1.00,2.40
2010.07.23 08:17:33.664,1.33365,1.3338,1.00,1.00
2010.07.23 08:17:34.082,1.3336,1.3338,1.00,1.00
2010.07.23 08:17:35.268,1.3335,1.3338,3.20,2.40
2010.07.23 08:17:35.688,1.3335,1.3338,1.60,4.00
2010.07.23 08:17:35.898,1.33355,1.3338,1.00,4.00
2010.07.23 08:17:36.529,1.33355,1.3338,1.00,2.40
2010.07.23 08:17:36.849,1.33355,1.3338,1.00,1.00
2010.07.23 08:17:37.170,1.33355,1.33385,2.40,4.80
2010.07.23 08:17:38.265,1.3336,1.3338,1.00,1.60
2010.07.23 08:17:38.496,1.3336,1.33385,1.00,1.00
2010.07.23 08:17:38.632,1.3336,1.33385,2.40,1.00
2010.07.23 08:17:39.899,1.33355,1.33385,3.20,5.60
2010.07.23 08:17:40.091,1.33355,1.3338,2.40,1.60
2010.07.23 08:17:41.060,1.33355,1.3337,1.00,1.00
2010.07.23 08:17:42.580,1.33355,1.3337,1.00,2.40
2010.07.23 08:17:42.808,1.33355,1.33365,1.00,1.00
2010.07.23 08:17:44.790,1.33355,1.3337,1.00,1.60
2010.07.23 08:17:45.161,1.33355,1.3337,1.00,1.00
2010.07.23 08:17:45.280,1.33355,1.33375,1.00,1.60
2010.07.23 08:17:45.521,1.33355,1.33375,2.40,1.60
2010.07.23 08:17:47.280,1.33355,1.33375,2.40,4.00
2010.07.23 08:17:47.483,1.33355,1.3337,1.00,2.40
2010.07.23 08:17:48.304,1.33355,1.3337,1.00,3.20
2010.07.23 08:17:48.388,1.33355,1.3336,1.00,1.00
2010.07.23 08:17:48.462,1.33355,1.3336,1.00,1.60
2010.07.23 08:17:50.164,1.33355,1.3336,1.00,1.00
2010.07.23 08:17:50.442,1.33355,1.33365,1.00,3.20
2010.07.23 08:17:51.402,1.33355,1.33365,1.00,1.60
2010.07.23 08:17:51.488,1.33355,1.33375,1.00,1.60
2010.07.23 08:17:51.708,1.33355,1.33375,1.00,1.00
2010.07.23 08:17:53.093,1.33355,1.33375,1.00,2.40
2010.07.23 08:17:56.297,1.33355,1.3337,1.00,2.40
2010.07.23 08:17:57.743,1.33355,1.3337,1.00,3.20
2010.07.23 08:17:59.549,1.33325,1.33355,1.60,3.20
2010.07.23 08:17:59.769,1.33325,1.3335,1.60,1.60
2010.07.23 08:18:02.129,1.33325,1.33355,1.60,2.40
2010.07.23 08:18:02.389,1.3333,1.3336,2.40,1.60
2010.07.23 08:18:02.644,1.3333,1.3336,1.60,1.60
2010.07.23 08:18:03.453,1.3333,1.3336,1.60,2.40
2010.07.23 08:18:03.717,1.33325,1.3336,4.80,3.20
2010.07.23 08:18:05.912,1.33325,1.33355,2.40,1.60
2010.07.23 08:18:06.005,1.33325,1.33355,1.60,1.60
2010.07.23 08:18:06.935,1.33325,1.3336,1.60,3.80
2010.07.23 08:18:07.287,1.33335,1.33365,1.00,4.00
2010.07.23 08:18:07.637,1.33335,1.33365,1.00,6.80
2010.07.23 08:18:08.744,1.3333,1.3336,3.20,1.00
2010.07.23 08:18:09.094,1.33335,1.3336,3.20,1.00
2010.07.23 08:18:09.899,1.33335,1.3336,2.20,1.00
2010.07.23 08:18:10.067,1.33335,1.3336,1.60,1.00
2010.07.23 08:18:11.256,1.3334,1.3336,1.60,1.00
2010.07.23 08:18:11.515,1.33335,1.3336,1.60,1.00
2010.07.23 08:18:13.945,1.33325,1.33355,8.40,1.00
2010.07.23 08:18:14.297,1.33325,1.33355,1.60,2.40
2010.07.23 08:18:15.389,1.3332,1.33345,1.00,1.00
2010.07.23 08:18:15.685,1.3331,1.33345,2.40,4.80
2010.07.23 08:18:18.246,1.3331,1.33345,2.40,3.20
2010.07.23 08:18:19.241,1.33315,1.33345,1.60,1.60
2010.07.23 08:18:21.240,1.3333,1.3335,1.00,1.00
2010.07.23 08:18:21.352,1.3333,1.3335,2.00,1.00
2010.07.23 08:18:21.460,1.3333,1.33355,2.60,1.00
2010.07.23 08:18:21.569,1.33335,1.33355,1.60,1.00
2010.07.23 08:18:22.435,1.33335,1.3336,2.00,3.20
2010.07.23 08:18:22.765,1.33335,1.3336,2.00,1.60
2010.07.23 08:18:23.096,1.3334,1.3336,1.00,1.00
2010.07.23 08:18:23.425,1.33335,1.33365,2.00,4.80
2010.07.23 08:18:24.488,1.33325,1.33355,3.60,1.00
2010.07.23 08:18:25.481,1.33325,1.33355,5.20,1.00
2010.07.23 08:18:25.828,1.3332,1.3335,2.00,4.40
2010.07.23 08:18:26.814,1.3331,1.3334,5.60,1.60
2010.07.23 08:18:27.269,1.3331,1.3334,4.00,3.20
2010.07.23 08:18:28.337,1.3331,1.3334,4.40,3.20
2010.07.23 08:18:28.881,1.33315,1.3334,4.40,3.20
2010.07.23 08:18:29.591,1.3331,1.33335,4.40,1.60
2010.07.23 08:18:29.810,1.3331,1.33335,1.20,1.60
2010.07.23 08:18:30.030,1.3331,1.33335,2.40,1.60
2010.07.23 08:18:31.057,1.3331,1.33335,2.40,3.20
2010.07.23 08:18:31.188,1.3331,1.33335,2.40,2.40
2010.07.23 08:18:31.319,1.3331,1.33335,2.40,1.60
2010.07.23 08:18:32.238,1.3331,1.3334,6.40,1.00
2010.07.23 08:18:33.199,1.33315,1.33345,1.20,1.60
2010.07.23 08:18:33.507,1.3332,1.3335,4.00,1.60
2010.07.23 08:18:33.803,1.33335,1.33355,1.60,1.00
2010.07.23 08:18:34.101,1.33335,1.33365,1.60,3.20
2010.07.23 08:18:35.116,1.33335,1.3336,1.60,1.60
2010.07.23 08:18:35.851,1.33335,1.3336,1.60,2.40
2010.07.23 08:18:36.102,1.33335,1.33355,1.60,1.60
2010.07.23 08:18:36.361,1.33335,1.3336,1.60,3.20
2010.07.23 08:18:36.622,1.33335,1.3336,2.00,3.20
2010.07.23 08:18:37.375,1.33335,1.3336,1.00,1.60
2010.07.23 08:18:37.646,1.33335,1.33365,4.00,2.40
2010.07.23 08:18:37.791,1.33335,1.33365,4.00,3.20
2010.07.23 08:18:37.941,1.33335,1.33365,1.60,3.20
2010.07.23 08:18:38.894,1.33335,1.33365,3.20,3.20
2010.07.23 08:18:43.026,1.33335,1.33365,3.20,2.40
2010.07.23 08:18:43.374,1.33335,1.33365,4.80,1.60
2010.07.23 08:18:43.538,1.33335,1.33365,3.20,1.60
2010.07.23 08:18:44.789,1.33335,1.33365,4.80,1.60
2010.07.23 08:18:44.913,1.3334,1.33365,1.00,1.60
2010.07.23 08:18:48.442,1.3334,1.33365,2.40,1.60
2010.07.23 08:18:48.687,1.33345,1.3337,1.00,2.40
2010.07.23 08:18:49.169,1.33345,1.3337,2.40,1.00
2010.07.23 08:18:50.161,1.3334,1.3337,1.00,2.40
2010.07.23 08:18:52.200,1.3334,1.3337,2.00,2.40
2010.07.23 08:18:53.122,1.3334,1.3337,1.00,3.20
2010.07.23 08:18:53.337,1.3334,1.33365,1.00,1.60
2010.07.23 08:18:54.561,1.3334,1.3337,2.40,3.20
2010.07.23 08:18:54.733,1.3334,1.33365,1.00,1.60
2010.07.23 08:18:55.759,1.33345,1.33365,1.60,1.60
2010.07.23 08:18:55.931,1.33345,1.3337,1.60,3.20
2010.07.23 08:18:56.099,1.33345,1.3337,1.60,1.00
2010.07.23 08:18:57.408,1.33345,1.3337,2.40,1.00
2010.07.23 08:18:57.628,1.33345,1.33375,2.40,2.40
2010.07.23 08:18:58.083,1.33345,1.33375,4.00,2.40
2010.07.23 08:18:59.330,1.33345,1.33375,4.80,1.00
2010.07.23 08:18:59.476,1.33345,1.3338,5.60,4.80
2010.07.23 08:18:59.764,1.33345,1.3338,7.60,4.80
2010.07.23 08:19:00.906,1.33355,1.3338,3.20,1.60
2010.07.23 08:19:01.172,1.33355,1.33385,8.40,1.60
2010.07.23 08:19:02.196,1.3336,1.3339,1.60,2.40
2010.07.23 08:19:02.447,1.33365,1.33395,10.40,1.60
2010.07.23 08:19:02.692,1.3337,1.33395,1.60,1.60
2010.07.23 08:19:02.940,1.3337,1.334,4.00,1.60
2010.07.23 08:19:03.191,1.3337,1.334,10.40,1.60
2010.07.23 08:19:05.229,1.33375,1.334,1.60,1.60
2010.07.23 08:19:06.424,1.3337,1.334,4.00,1.60
2010.07.23 08:19:06.531,1.3337,1.334,1.60,1.60
2010.07.23 08:19:08.817,1.3339,1.334,1.00,1.60
2010.07.23 08:19:17.998,1.3339,1.334,1.00,3.20
2010.07.23 08:19:18.072,1.3339,1.33395,1.00,1.00
2010.07.23 08:19:21.219,1.3339,1.334,1.00,4.80
2010.07.23 08:19:24.050,1.3339,1.334,1.00,3.20
2010.07.23 08:19:24.208,1.3339,1.33405,1.00,3.20
2010.07.23 08:19:24.649,1.3339,1.334,1.00,3.20
2010.07.23 08:19:29.829,1.3339,1.334,1.00,4.80
2010.07.23 08:19:30.261,1.3339,1.334,1.00,1.60
2010.07.23 08:19:31.377,1.3339,1.334,1.00,3.20
2010.07.23 08:19:32.482,1.3339,1.334,1.00,1.60
2010.07.23 08:19:33.746,1.3339,1.33405,1.00,4.80
2010.07.23 08:19:34.168,1.3339,1.33405,1.00,6.40
2010.07.23 08:19:35.773,1.3339,1.33405,1.00,12.00
2010.07.23 08:19:35.873,1.3339,1.33405,1.00,11.20
2010.07.23 08:19:36.384,1.3339,1.33405,1.00,7.20
2010.07.23 08:19:37.222,1.3339,1.334,1.00,1.60
2010.07.23 08:19:38.060,1.3339,1.334,1.00,3.20
2010.07.23 08:19:38.343,1.3339,1.334,1.00,4.80
2010.07.23 08:19:40.052,1.3339,1.334,1.00,3.20
2010.07.23 08:19:40.209,1.3339,1.334,1.00,1.60
2010.07.23 08:19:40.608,1.3339,1.334,1.00,3.20
2010.07.23 08:19:45.229,1.3339,1.334,1.00,2.40
2010.07.23 08:19:45.409,1.3339,1.334,1.00,1.60
2010.07.23 08:19:46.335,1.3339,1.33405,1.00,4.80
2010.07.23 08:19:46.422,1.3339,1.334,1.00,1.60
2010.07.23 08:19:46.643,1.3339,1.334,1.00,2.40
2010.07.23 08:19:46.720,1.3339,1.334,1.00,3.20
2010.07.23 08:19:47.966,1.3339,1.33395,1.00,1.60
2010.07.23 08:19:48.243,1.3339,1.33395,1.00,3.20
2010.07.23 08:19:48.522,1.3339,1.33395,1.00,1.60
2010.07.23 08:19:49.562,1.33365,1.33395,1.60,1.60
2010.07.23 08:19:50.350,1.33365,1.33395,3.20,1.60
2010.07.23 08:19:50.790,1.33365,1.33395,4.80,1.60
2010.07.23 08:19:50.961,1.3337,1.33395,1.60,1.00
2010.07.23 08:19:51.129,1.3337,1.334,3.20,1.60
2010.07.23 08:19:51.952,1.3337,1.334,2.40,1.60
2010.07.23 08:19:52.134,1.33365,1.33395,4.80,1.60
2010.07.23 08:19:57.751,1.33365,1.33395,4.80,3.20
2010.07.23 08:20:00.552,1.33365,1.334,4.80,4.80
2010.07.23 08:20:17.439,1.33365,1.33395,3.20,2.40
2010.07.23 08:20:17.696,1.33355,1.33385,4.00,5.60
2010.07.23 08:20:18.089,1.33355,1.33385,4.00,3.20
2010.07.23 08:20:18.668,1.33355,1.3338,4.00,1.60
2010.07.23 08:20:19.879,1.33355,1.3338,3.20,1.00
2010.07.23 08:20:20.039,1.33355,1.3338,1.60,1.00
2010.07.23 08:20:20.198,1.33355,1.3338,3.20,1.00
2010.07.23 08:20:22.116,1.33355,1.3338,1.60,1.00
2010.07.23 08:20:22.248,1.33355,1.3338,1.60,2.40
2010.07.23 08:20:23.162,1.33355,1.3338,1.60,6.40
2010.07.23 08:20:23.417,1.33345,1.33375,4.80,1.00
2010.07.23 08:20:24.901,1.33345,1.33375,6.40,1.00
2010.07.23 08:20:26.011,1.33345,1.33375,4.80,1.00
2010.07.23 08:20:30.318,1.33345,1.33375,6.40,1.00
2010.07.23 08:20:30.520,1.33345,1.33375,8.00,1.00
2010.07.23 08:20:31.659,1.33345,1.33375,8.00,2.40
2010.07.23 08:20:32.207,1.33345,1.33375,8.00,1.00
2010.07.23 08:20:33.630,1.33345,1.3337,3.20,3.20
2010.07.23 08:20:33.728,1.3334,1.3337,5.60,1.60
2010.07.23 08:20:33.820,1.3334,1.33375,5.60,9.60
2010.07.23 08:20:34.654,1.3334,1.3337,4.00,1.60
2010.07.23 08:20:35.005,1.3334,1.3337,1.60,3.20
2010.07.23 08:20:35.352,1.33335,1.33365,3.20,1.60
2010.07.23 08:20:35.692,1.33335,1.3337,4.80,4.80
2010.07.23 08:20:36.533,1.33335,1.33365,4.80,1.60
2010.07.23 08:20:36.886,1.3333,1.3336,3.20,3.20
2010.07.23 08:20:37.081,1.3333,1.3336,3.20,5.60
2010.07.23 08:20:38.209,1.3333,1.3336,3.20,4.00
2010.07.23 08:20:39.219,1.3333,1.3336,2.40,4.00
2010.07.23 08:20:39.438,1.3333,1.3336,2.40,5.60
2010.07.23 08:20:40.929,1.3333,1.3336,2.40,4.00
2010.07.23 08:20:43.463,1.3333,1.3336,3.60,4.00
2010.07.23 08:20:43.609,1.3333,1.3336,6.00,1.00
2010.07.23 08:20:43.750,1.33335,1.3336,1.60,1.00
2010.07.23 08:20:43.890,1.33335,1.33365,1.60,9.60
2010.07.23 08:20:44.885,1.3334,1.33365,1.60,1.60
2010.07.23 08:20:45.104,1.33345,1.33375,1.00,2.40
2010.07.23 08:20:45.885,1.33345,1.33375,1.00,4.00
2010.07.23 08:20:46.151,1.3335,1.33375,1.60,2.40
2010.07.23 08:20:46.415,1.3335,1.3338,4.80,1.00
2010.07.23 08:20:48.198,1.3335,1.3338,1.60,2.40
2010.07.23 08:20:49.734,1.33345,1.33375,7.60,3.20
2010.07.23 08:20:50.608,1.33345,1.3337,1.00,1.60
2010.07.23 08:20:51.160,1.33345,1.3337,1.00,3.20
2010.07.23 08:20:52.643,1.33345,1.3337,1.00,2.40
2010.07.23 08:20:53.456,1.33345,1.3337,1.00,1.00
2010.07.23 08:20:53.701,1.3333,1.33355,1.60,3.20
2010.07.23 08:20:53.950,1.3333,1.33355,1.60,4.80
2010.07.23 08:20:55.292,1.3333,1.33355,1.60,3.20
2010.07.23 08:20:56.958,1.3332,1.33345,1.60,1.60
2010.07.23 08:20:58.381,1.3332,1.3335,1.60,1.60
2010.07.23 08:21:01.271,1.3332,1.3335,1.60,3.20
2010.07.23 08:21:03.025,1.3332,1.3335,1.00,4.00
2010.07.23 08:21:03.298,1.33315,1.33345,2.40,4.80
2010.07.23 08:21:03.840,1.33315,1.3334,2.40,1.60
2010.07.23 08:21:05.040,1.33315,1.3334,2.40,3.20
2010.07.23 08:21:06.094,1.33315,1.3334,1.60,4.00
2010.07.23 08:21:06.340,1.3331,1.33335,1.00,4.00
2010.07.23 08:21:06.802,1.3331,1.33335,1.00,2.40
2010.07.23 08:21:08.248,1.3331,1.3333,1.00,1.60
2010.07.23 08:21:11.260,1.33305,1.3333,3.20,1.60
2010.07.23 08:21:15.458,1.33305,1.3333,3.70,1.60
2010.07.23 08:21:17.190,1.33305,1.3333,1.30,1.60
2010.07.23 08:21:17.321,1.33305,1.33325,1.00,1.60
2010.07.23 08:21:17.449,1.33305,1.3332,1.00,1.60
2010.07.23 08:21:17.580,1.33305,1.33325,1.00,3.20
2010.07.23 08:21:17.839,1.33305,1.3332,1.00,1.60
2010.07.23 08:21:17.969,1.33305,1.33325,1.00,3.20
2010.07.23 08:21:19.404,1.33315,1.33345,1.60,4.80
2010.07.23 08:21:20.387,1.33315,1.33345,3.20,1.60
2010.07.23 08:21:20.535,1.33315,1.33345,6.00,1.60
2010.07.23 08:21:20.680,1.33325,1.33345,1.60,1.60
2010.07.23 08:21:20.831,1.33325,1.3335,1.60,3.20
2010.07.23 08:21:21.937,1.33325,1.3335,1.60,1.60
2010.07.23 08:21:23.059,1.33325,1.33355,3.20,2.40
2010.07.23 08:21:23.292,1.3333,1.3336,3.20,2.40
2010.07.23 08:21:23.522,1.3333,1.3336,4.00,2.40
2010.07.23 08:21:24.436,1.3334,1.3336,1.60,1.00
2010.07.23 08:21:24.725,1.33345,1.3337,1.60,3.20
2010.07.23 08:21:26.653,1.33345,1.33365,1.60,1.60
2010.07.23 08:21:28.032,1.33345,1.33365,1.60,2.40
2010.07.23 08:21:28.311,1.33345,1.33365,1.60,1.00
2010.07.23 08:21:28.592,1.33335,1.33365,3.20,1.00
2010.07.23 08:21:30.748,1.33335,1.33365,1.60,1.00
2010.07.23 08:21:31.055,1.33325,1.3335,2.40,1.60
2010.07.23 08:21:32.592,1.3332,1.33345,1.00,1.60
2010.07.23 08:21:32.908,1.33315,1.3334,1.60,1.60
2010.07.23 08:21:33.048,1.33305,1.3334,5.30,1.60
2010.07.23 08:21:33.329,1.33305,1.33335,3.70,1.60
2010.07.23 08:21:33.469,1.33305,1.33335,2.10,1.60
2010.07.23 08:21:36.243,1.3331,1.3334,1.60,1.00
2010.07.23 08:21:36.508,1.3331,1.3334,3.20,2.40
2010.07.23 08:21:37.754,1.33315,1.3334,1.60,2.40
2010.07.23 08:21:38.045,1.33315,1.3334,3.20,2.40
2010.07.23 08:21:39.865,1.33315,1.3334,4.00,2.40
2010.07.23 08:21:39.963,1.3332,1.3334,1.60,1.00
2010.07.23 08:21:40.143,1.3332,1.33345,1.60,3.20
2010.07.23 08:21:41.461,1.3332,1.33345,1.60,1.60
2010.07.23 08:21:41.780,1.3332,1.33345,1.60,3.20
2010.07.23 08:21:42.422,1.33325,1.33345,1.60,1.60
2010.07.23 08:21:42.723,1.33325,1.3335,3.20,3.20
2010.07.23 08:21:43.699,1.3333,1.3335,1.60,3.20
2010.07.23 08:21:44.335,1.3333,1.3335,1.60,2.40
2010.07.23 08:21:44.609,1.3333,1.3335,1.60,1.60
2010.07.23 08:21:45.601,1.33325,1.3335,3.20,1.60
2010.07.23 08:21:45.953,1.33325,1.3334,1.60,1.60
2010.07.23 08:21:46.870,1.33315,1.3334,12.50,2.40
2010.07.23 08:21:47.048,1.33315,1.33335,1.00,1.60
2010.07.23 08:21:50.758,1.33315,1.33335,1.00,2.40
2010.07.23 08:21:51.801,1.33315,1.3333,1.00,1.60
2010.07.23 08:21:54.598,1.333,1.3333,3.20,1.60
2010.07.23 08:21:54.968,1.3331,1.3333,1.00,1.60
2010.07.23 08:21:55.162,1.33315,1.33335,1.60,3.20
2010.07.23 08:21:56.242,1.33305,1.33335,3.20,1.60
2010.07.23 08:21:56.420,1.33305,1.33335,2.40,1.60
2010.07.23 08:21:56.509,1.33305,1.33335,3.20,1.60
2010.07.23 08:21:56.598,1.33305,1.3334,3.20,1.60
2010.07.23 08:21:58.254,1.33305,1.3334,4.80,1.60
2010.07.23 08:21:58.422,1.33305,1.3334,7.00,1.60
2010.07.23 08:21:58.760,1.33305,1.3334,6.00,1.00
2010.07.23 08:21:58.930,1.33305,1.3334,9.60,1.00
2010.07.23 08:21:59.100,1.3331,1.3334,1.60,1.00
2010.07.23 08:21:59.270,1.33315,1.3334,1.60,1.00
2010.07.23 08:22:00.305,1.33315,1.33345,1.60,1.00
2010.07.23 08:22:02.547,1.33305,1.3334,3.00,2.40
2010.07.23 08:22:02.701,1.33305,1.33335,4.60,1.00
2010.07.23 08:22:02.859,1.33305,1.33335,2.40,1.00
2010.07.23 08:22:07.492,1.33305,1.3333,9.60,1.60
2010.07.23 08:22:07.646,1.333,1.3333,1.00,3.20
2010.07.23 08:22:08.559,1.33295,1.3332,4.80,1.60
2010.07.23 08:22:08.879,1.33295,1.33325,3.20,4.80
2010.07.23 08:22:11.111,1.33295,1.33325,4.00,2.40
2010.07.23 08:22:11.321,1.33295,1.33325,6.80,2.40
2010.07.23 08:22:12.217,1.333,1.3333,1.60,4.80
2010.07.23 08:22:12.517,1.33305,1.3333,1.60,2.40
2010.07.23 08:22:12.773,1.33305,1.3333,2.40,3.20
2010.07.23 08:22:15.961,1.33295,1.3331,4.00,1.60
2010.07.23 08:22:16.137,1.33295,1.3331,1.60,1.60
2010.07.23 08:22:17.411,1.33295,1.3331,1.60,1.00
2010.07.23 08:22:23.457,1.33295,1.33315,1.60,3.20
2010.07.23 08:22:23.581,1.33295,1.33315,1.60,1.60
2010.07.23 08:22:24.259,1.33295,1.33315,1.60,1.00
2010.07.23 08:22:25.286,1.33295,1.33325,4.80,1.60
2010.07.23 08:22:29.326,1.33295,1.33325,5.60,3.20
2010.07.23 08:22:29.426,1.33295,1.33325,6.40,2.40
2010.07.23 08:22:29.700,1.33295,1.33325,5.60,3.20
2010.07.23 08:22:30.495,1.33295,1.33325,7.20,1.60
2010.07.23 08:22:30.754,1.333,1.33325,1.00,1.00
2010.07.23 08:22:31.009,1.333,1.33325,2.40,1.00
2010.07.23 08:22:31.271,1.3331,1.33335,1.00,2.40
2010.07.23 08:22:31.530,1.3331,1.3334,1.60,4.00
2010.07.23 08:22:32.518,1.3331,1.3334,3.20,4.00
2010.07.23 08:22:32.583,1.33305,1.33335,6.40,1.00
2010.07.23 08:22:35.109,1.33305,1.33335,4.80,1.00
2010.07.23 08:22:35.447,1.33305,1.33335,6.40,1.00
2010.07.23 08:22:36.822,1.3331,1.33335,3.20,1.00
2010.07.23 08:22:37.631,1.3331,1.3334,3.20,2.40
2010.07.23 08:22:38.439,1.33315,1.3334,1.60,2.40
2010.07.23 08:22:38.705,1.3332,1.33345,3.20,1.00
2010.07.23 08:22:38.964,1.33325,1.33345,1.20,1.00
2010.07.23 08:22:39.989,1.33325,1.33345,1.60,1.60
2010.07.23 08:22:40.202,1.3332,1.33345,3.20,3.20
2010.07.23 08:22:40.412,1.3332,1.33345,3.20,1.60
2010.07.23 08:22:41.039,1.3332,1.3335,3.20,3.20
2010.07.23 08:22:42.216,1.33325,1.3335,1.60,1.60
2010.07.23 08:22:42.374,1.33325,1.33355,5.60,3.20
2010.07.23 08:22:42.918,1.33325,1.33355,3.20,3.20
2010.07.23 08:22:43.715,1.3333,1.33355,1.60,1.60
2010.07.23 08:22:43.932,1.3333,1.3336,1.60,2.40
2010.07.23 08:22:45.102,1.33335,1.33365,1.60,4.00
2010.07.23 08:22:45.344,1.3334,1.33365,1.00,3.20
2010.07.23 08:22:45.581,1.3334,1.33365,1.00,1.60
2010.07.23 08:22:46.638,1.3334,1.3337,3.20,1.60
2010.07.23 08:22:49.084,1.3334,1.33365,3.20,1.60
2010.07.23 08:22:50.341,1.3334,1.33365,1.00,1.60
2010.07.23 08:22:50.609,1.33345,1.33375,1.60,2.40
2010.07.23 08:22:50.873,1.3335,1.3338,1.00,4.00
2010.07.23 08:22:51.907,1.3335,1.3338,1.00,1.00
2010.07.23 08:22:52.178,1.33355,1.33385,1.60,4.00
2010.07.23 08:22:53.196,1.33355,1.33385,3.20,2.40
2010.07.23 08:22:53.467,1.3339,1.33395,1.00,2.40
2010.07.23 08:22:53.731,1.33395,1.334,1.00,1.00
2010.07.23 08:22:54.756,1.3342,1.33425,1.00,1.60
2010.07.23 08:22:54.997,1.33415,1.33445,7.20,1.60
2010.07.23 08:22:55.981,1.3342,1.33445,1.60,3.20
2010.07.23 08:22:56.339,1.33415,1.3345,4.80,3.20
2010.07.23 08:22:57.475,1.33415,1.3344,2.40,1.60
2010.07.23 08:22:57.747,1.3341,1.33435,1.60,6.00
2010.07.23 08:22:58.012,1.3341,1.33435,1.60,5.60
2010.07.23 08:22:58.996,1.334,1.33425,1.60,4.00
2010.07.23 08:23:00.484,1.33395,1.33415,3.20,1.60
2010.07.23 08:23:00.694,1.33395,1.33415,1.00,1.60
2010.07.23 08:23:00.905,1.3339,1.33415,3.20,3.20
2010.07.23 08:23:01.938,1.33395,1.33425,4.80,1.60
2010.07.23 08:23:02.208,1.334,1.3342,3.20,1.20
2010.07.23 08:23:02.477,1.334,1.3343,3.20,1.60
2010.07.23 08:23:03.442,1.334,1.33425,1.60,1.60
2010.07.23 08:23:03.709,1.3339,1.33425,3.20,4.80
2010.07.23 08:23:03.971,1.33395,1.33425,3.20,4.00
2010.07.23 08:23:04.761,1.33395,1.33425,3.20,3.20
2010.07.23 08:23:05.053,1.334,1.33425,1.60,1.60
2010.07.23 08:23:05.342,1.33405,1.33425,1.00,1.60
2010.07.23 08:23:06.304,1.33405,1.33435,1.00,1.60
2010.07.23 08:23:06.545,1.33425,1.33445,1.00,3.20
2010.07.23 08:23:06.782,1.33425,1.3345,1.00,1.60
2010.07.23 08:23:07.775,1.33425,1.33455,1.60,3.20
2010.07.23 08:23:08.046,1.3343,1.33455,1.60,3.20
2010.07.23 08:23:08.319,1.33435,1.33455,1.00,1.60
2010.07.23 08:23:09.338,1.33435,1.33465,1.60,4.00
2010.07.23 08:23:09.616,1.3344,1.33465,1.00,3.20
2010.07.23 08:23:09.885,1.3344,1.33465,1.00,1.60
2010.07.23 08:23:10.807,1.3344,1.33465,1.00,3.20
2010.07.23 08:23:11.011,1.33445,1.33465,1.00,1.60
2010.07.23 08:23:13.082,1.33445,1.3347,1.00,2.40
2010.07.23 08:23:13.975,1.33445,1.3347,1.00,1.60
2010.07.23 08:23:15.154,1.33445,1.33465,1.00,2.80
2010.07.23 08:23:15.949,1.3344,1.3346,2.40,1.60
2010.07.23 08:23:16.099,1.33435,1.33455,1.60,1.60
2010.07.23 08:23:17.772,1.33435,1.33455,3.20,1.60
2010.07.23 08:23:17.994,1.3344,1.33455,1.00,1.60
2010.07.23 08:23:18.101,1.3344,1.33455,1.60,1.60
2010.07.23 08:23:19.278,1.33445,1.33465,1.60,1.60
2010.07.23 08:23:21.008,1.3345,1.33475,1.60,1.60
2010.07.23 08:23:21.173,1.33455,1.33475,1.00,1.60
2010.07.23 08:23:23.659,1.33455,1.33485,3.20,2.40
2010.07.23 08:23:23.946,1.3345,1.33475,1.60,1.60
2010.07.23 08:23:24.976,1.33445,1.33475,1.00,2.40
2010.07.23 08:23:25.237,1.33445,1.33455,1.00,1.60
2010.07.23 08:23:26.706,1.3344,1.33455,1.00,1.60
2010.07.23 08:23:26.942,1.33435,1.33455,1.60,1.60
2010.07.23 08:23:27.403,1.3343,1.33455,3.20,1.60
2010.07.23 08:23:28.617,1.3345,1.33475,1.00,4.80
2010.07.23 08:23:29.682,1.3345,1.33475,1.00,1.60
2010.07.23 08:23:29.918,1.3345,1.33475,1.60,1.60
2010.07.23 08:23:30.381,1.33455,1.3348,1.60,1.60
2010.07.23 08:23:32.680,1.33465,1.3348,1.00,1.60
2010.07.23 08:23:32.988,1.33475,1.33495,1.60,7.60
2010.07.23 08:23:33.289,1.33475,1.33495,1.60,4.80
2010.07.23 08:23:34.421,1.33475,1.33505,1.60,1.00
2010.07.23 08:23:35.723,1.33475,1.33505,3.20,1.00
2010.07.23 08:23:36.553,1.33485,1.33505,1.00,1.00
2010.07.23 08:23:36.887,1.33495,1.33525,1.60,1.00
2010.07.23 08:23:37.973,1.33495,1.33525,3.20,3.20
2010.07.23 08:23:38.226,1.33495,1.33525,1.60,4.80
2010.07.23 08:23:39.650,1.33495,1.33525,1.60,3.20
2010.07.23 08:23:39.906,1.33485,1.3352,4.00,3.20
2010.07.23 08:23:40.934,1.3348,1.33515,8.00,1.60
2010.07.23 08:23:41.177,1.3348,1.33515,7.20,3.20
2010.07.23 08:23:41.412,1.3348,1.33515,5.60,3.20
2010.07.23 08:23:42.195,1.3348,1.33515,8.00,3.20
2010.07.23 08:23:42.510,1.3348,1.33495,2.40,1.60
2010.07.23 08:23:44.685,1.33485,1.33505,1.00,4.00
2010.07.23 08:23:44.816,1.33485,1.33515,3.20,1.60
2010.07.23 08:23:45.862,1.33485,1.33515,1.60,1.60
2010.07.23 08:23:46.114,1.33495,1.33515,1.60,1.60
2010.07.23 08:23:46.360,1.3349,1.33515,1.60,1.60
2010.07.23 08:23:48.070,1.3349,1.33515,4.00,1.60
2010.07.23 08:23:48.858,1.33495,1.33515,2.40,1.60
2010.07.23 08:23:49.020,1.335,1.33525,1.60,1.60
2010.07.23 08:23:49.322,1.335,1.33525,3.20,1.60
2010.07.23 08:23:50.835,1.335,1.33525,1.60,1.60
2010.07.23 08:23:51.749,1.33495,1.3353,3.20,4.00
2010.07.23 08:23:52.003,1.335,1.3353,1.00,3.20
2010.07.23 08:23:52.251,1.335,1.3353,4.80,1.00
2010.07.23 08:23:53.284,1.33505,1.3353,1.00,1.00
2010.07.23 08:23:54.497,1.335,1.3353,3.20,1.60
2010.07.23 08:23:55.766,1.335,1.3353,1.60,1.00
2010.07.23 08:23:56.722,1.335,1.3353,3.20,1.00
2010.07.23 08:23:56.916,1.335,1.33525,1.60,1.60
2010.07.23 08:23:57.175,1.33495,1.33525,3.20,1.60
2010.07.23 08:23:58.722,1.33495,1.33525,1.60,3.20
2010.07.23 08:23:59.748,1.3349,1.33525,3.20,3.20
2010.07.23 08:23:59.980,1.3349,1.33525,6.40,6.00
2010.07.23 08:24:00.200,1.3349,1.33525,7.60,3.20
2010.07.23 08:24:00.420,1.33495,1.33525,1.60,3.20
2010.07.23 08:24:01.544,1.3349,1.33525,7.60,4.80
2010.07.23 08:24:01.896,1.33485,1.3351,2.40,3.20
2010.07.23 08:24:02.022,1.33485,1.3351,2.40,1.60
2010.07.23 08:24:02.927,1.33495,1.33515,1.60,4.80
2010.07.23 08:24:03.150,1.33495,1.33505,1.60,1.00
2010.07.23 08:24:04.004,1.33495,1.33505,1.60,1.60
2010.07.23 08:24:04.358,1.33495,1.33505,1.00,1.60
2010.07.23 08:24:04.703,1.3348,1.33505,1.60,1.60
2010.07.23 08:24:05.484,1.33475,1.33505,3.20,1.60
2010.07.23 08:24:05.766,1.3348,1.33505,2.80,1.60
2010.07.23 08:24:06.041,1.33485,1.33505,1.60,1.60
2010.07.23 08:24:07.087,1.3348,1.3351,4.40,1.60
2010.07.23 08:24:07.334,1.3348,1.3351,1.60,1.60
2010.07.23 08:24:07.584,1.3348,1.3351,1.60,4.80
2010.07.23 08:24:08.564,1.3348,1.33505,1.60,1.00
2010.07.23 08:24:08.824,1.3348,1.33505,1.60,1.60
2010.07.23 08:24:10.320,1.3348,1.33505,1.60,3.20
2010.07.23 08:24:12.104,1.33475,1.33505,3.20,3.20
2010.07.23 08:24:12.529,1.3348,1.33505,1.60,3.20
2010.07.23 08:24:13.387,1.33475,1.33505,3.20,3.20
2010.07.23 08:24:13.696,1.33475,1.33505,3.20,2.40
2010.07.23 08:24:14.006,1.33485,1.33505,2.40,1.60
2010.07.23 08:24:15.069,1.33495,1.33515,1.00,1.60
2010.07.23 08:24:18.174,1.33495,1.33515,1.60,1.60
2010.07.23 08:24:18.406,1.3349,1.33515,3.20,2.40
2010.07.23 08:24:18.635,1.33485,1.3351,3.20,1.60
2010.07.23 08:24:19.928,1.3349,1.3351,1.00,1.60
2010.07.23 08:24:21.412,1.33495,1.3352,1.60,1.60
2010.07.23 08:24:21.639,1.335,1.33525,1.00,3.20
2010.07.23 08:24:23.172,1.335,1.33525,1.60,3.20
2010.07.23 08:24:24.211,1.335,1.33525,3.20,1.60
2010.07.23 08:24:24.447,1.33505,1.33525,1.60,1.60
2010.07.23 08:24:25.734,1.335,1.33525,1.00,7.60
2010.07.23 08:24:26.020,1.335,1.33525,1.00,6.00
2010.07.23 08:24:26.302,1.335,1.33525,1.00,3.20
2010.07.23 08:24:26.580,1.335,1.33525,1.00,1.60
2010.07.23 08:24:29.593,1.335,1.3353,1.00,3.20
2010.07.23 08:24:29.738,1.335,1.3353,4.80,1.00
2010.07.23 08:24:30.636,1.33515,1.3353,1.60,1.60
2010.07.23 08:24:30.887,1.33515,1.33535,1.00,1.60
2010.07.23 08:24:32.791,1.33515,1.3354,4.80,1.00
2010.07.23 08:24:32.869,1.33525,1.3354,1.00,1.00
2010.07.23 08:24:35.554,1.33525,1.3354,2.40,1.00
2010.07.23 08:24:35.726,1.33535,1.3355,1.60,1.00
2010.07.23 08:24:35.892,1.3353,1.3355,3.20,1.00
2010.07.23 08:24:36.191,1.33525,1.33555,2.40,2.60
2010.07.23 08:24:37.275,1.33525,1.3355,1.00,2.40
2010.07.23 08:24:38.487,1.3352,1.33535,1.00,2.40
2010.07.23 08:24:38.827,1.33515,1.33535,1.60,2.40
2010.07.23 08:24:39.606,1.3351,1.33535,4.00,2.40
2010.07.23 08:24:39.881,1.3351,1.3354,3.40,2.40
2010.07.23 08:24:40.848,1.33525,1.33535,1.60,1.60
2010.07.23 08:24:41.079,1.33515,1.33545,1.60,6.40
2010.07.23 08:24:41.310,1.33515,1.33545,1.00,6.40
2010.07.23 08:24:42.672,1.33515,1.3354,1.00,2.40
2010.07.23 08:24:43.027,1.33505,1.3354,5.60,1.00
2010.07.23 08:24:43.362,1.33505,1.3354,9.60,1.00
2010.07.23 08:24:44.280,1.3351,1.3354,1.60,1.00
2010.07.23 08:24:44.556,1.33505,1.3354,3.20,2.40
2010.07.23 08:24:44.781,1.33505,1.33535,3.20,1.60
2010.07.23 08:24:45.737,1.33505,1.3353,1.00,1.60
2010.07.23 08:24:45.897,1.33505,1.33525,2.40,1.60
2010.07.23 08:24:46.053,1.33505,1.33525,3.20,1.60
2010.07.23 08:24:46.203,1.33505,1.33535,3.20,2.40
2010.07.23 08:24:46.993,1.33505,1.33535,1.60,2.40
2010.07.23 08:24:47.298,1.33505,1.33535,1.60,4.00
2010.07.23 08:24:48.199,1.33505,1.3353,1.00,5.60
2010.07.23 08:24:48.536,1.335,1.33525,1.00,1.60
2010.07.23 08:24:50.503,1.335,1.33515,1.00,1.60
2010.07.23 08:24:50.870,1.335,1.33525,1.00,1.60
2010.07.23 08:24:52.163,1.335,1.33525,1.00,3.20
2010.07.23 08:24:53.633,1.33495,1.33515,2.40,1.60
2010.07.23 08:24:54.671,1.33495,1.33515,1.60,1.60
2010.07.23 08:24:54.925,1.33495,1.33515,1.00,1.60
2010.07.23 08:24:56.181,1.33495,1.33515,1.00,1.60
2010.07.23 08:24:56.440,1.3349,1.3351,1.60,1.00
2010.07.23 08:24:57.471,1.33475,1.33495,1.60,1.60
2010.07.23 08:24:58.072,1.3347,1.33495,3.20,4.00
2010.07.23 08:24:59.137,1.33465,1.33485,1.60,1.60
2010.07.23 08:24:59.428,1.33465,1.33495,1.60,1.60
2010.07.23 08:25:00.451,1.3347,1.33495,1.00,1.60
2010.07.23 08:25:00.654,1.3347,1.33495,1.60,1.60
2010.07.23 08:25:01.882,1.3346,1.33485,3.20,1.60
2010.07.23 08:25:03.844,1.3346,1.33485,1.60,1.60
2010.07.23 08:25:04.037,1.3346,1.33485,1.00,1.60
2010.07.23 08:25:06.135,1.3346,1.3349,1.60,1.00
2010.07.23 08:25:06.498,1.3346,1.33495,1.60,4.80
2010.07.23 08:25:06.999,1.3346,1.33495,3.20,3.20
2010.07.23 08:25:07.858,1.33465,1.33495,3.20,2.40
2010.07.23 08:25:08.207,1.3347,1.33495,1.60,1.60
2010.07.23 08:25:10.379,1.3347,1.335,1.60,3.60
2010.07.23 08:25:11.418,1.3347,1.335,1.60,1.20
2010.07.23 08:25:11.571,1.3347,1.33505,1.60,7.60
2010.07.23 08:25:11.719,1.3347,1.33505,1.60,6.80
2010.07.23 08:25:12.020,1.3347,1.33505,1.60,4.80
2010.07.23 08:25:12.171,1.33475,1.33505,1.00,4.80
2010.07.23 08:25:13.562,1.33475,1.33505,4.80,1.00
2010.07.23 08:25:13.608,1.33475,1.3351,4.80,4.40
2010.07.23 08:25:13.688,1.3348,1.3351,1.60,1.00
2010.07.23 08:25:13.760,1.3348,1.3351,1.60,1.20
2010.07.23 08:25:14.805,1.3349,1.33515,1.00,1.60
2010.07.23 08:25:15.136,1.3349,1.33515,4.80,1.60
2010.07.23 08:25:16.287,1.33495,1.33525,3.20,1.60
2010.07.23 08:25:16.543,1.33495,1.33525,5.60,1.60
2010.07.23 08:25:17.481,1.33495,1.33525,8.80,1.60
2010.07.23 08:25:17.758,1.335,1.33525,2.40,1.60
2010.07.23 08:25:18.293,1.33495,1.33525,3.20,1.60
2010.07.23 08:25:18.560,1.33495,1.33525,1.60,3.20
2010.07.23 08:25:19.682,1.33495,1.33525,3.20,1.60
2010.07.23 08:25:19.846,1.335,1.33525,1.60,1.60
2010.07.23 08:25:20.906,1.33505,1.33525,1.00,1.60
2010.07.23 08:25:21.137,1.3352,1.3354,1.60,1.60
2010.07.23 08:25:21.363,1.3352,1.3354,3.20,1.60
2010.07.23 08:25:22.198,1.3352,1.33545,3.20,1.60
2010.07.23 08:25:22.454,1.3352,1.3355,3.20,2.80
2010.07.23 08:25:22.720,1.3352,1.3355,1.60,2.80
2010.07.23 08:25:23.672,1.3352,1.33545,1.60,1.60
2010.07.23 08:25:23.922,1.33505,1.3353,1.60,3.20
2010.07.23 08:25:24.163,1.33505,1.33525,1.60,1.60
2010.07.23 08:25:26.957,1.3351,1.33525,1.00,1.60
2010.07.23 08:25:27.277,1.33485,1.33505,1.00,2.00
2010.07.23 08:25:27.422,1.3348,1.33505,1.00,2.00
2010.07.23 08:25:27.570,1.3348,1.33505,1.00,5.20
2010.07.23 08:25:28.486,1.3347,1.33495,1.60,1.60
2010.07.23 08:25:28.714,1.33475,1.33495,1.00,1.60
2010.07.23 08:25:30.087,1.3347,1.33495,3.20,1.60
2010.07.23 08:25:31.823,1.3347,1.33495,1.60,1.60
2010.07.23 08:25:32.020,1.3347,1.33505,1.60,6.00
2010.07.23 08:25:32.170,1.3347,1.33505,1.60,4.80
2010.07.23 08:25:32.268,1.3347,1.33495,1.60,1.60
2010.07.23 08:25:33.890,1.33465,1.33495,1.60,1.60
2010.07.23 08:25:36.126,1.3347,1.33495,1.60,1.60
2010.07.23 08:25:36.322,1.3347,1.33505,1.60,3.20
2010.07.23 08:25:37.208,1.3347,1.33505,3.20,2.40
2010.07.23 08:25:37.509,1.33475,1.33505,1.00,1.60
2010.07.23 08:25:38.568,1.3348,1.33505,1.00,1.60
2010.07.23 08:25:38.812,1.3348,1.3351,1.00,1.60
2010.07.23 08:25:39.051,1.3348,1.33515,1.60,3.20
2010.07.23 08:25:39.292,1.3348,1.33515,1.60,2.40
2010.07.23 08:25:39.529,1.33485,1.33515,1.00,2.40
2010.07.23 08:25:40.651,1.33485,1.33515,1.60,2.40
2010.07.23 08:25:41.210,1.33485,1.33515,1.60,4.00
2010.07.23 08:25:42.043,1.33485,1.33515,1.00,4.80
2010.07.23 08:25:42.267,1.3348,1.3351,1.00,1.60
2010.07.23 08:25:42.486,1.3348,1.3351,1.00,4.00
2010.07.23 08:25:43.430,1.33475,1.33505,1.00,1.60
2010.07.23 08:25:43.741,1.3346,1.3349,3.20,1.60
2010.07.23 08:25:44.041,1.3346,1.3349,1.60,1.60
2010.07.23 08:25:44.343,1.3346,1.3349,3.20,1.00
2010.07.23 08:25:45.123,1.3346,1.3349,1.60,1.00
2010.07.23 08:25:45.362,1.3346,1.3349,4.00,1.00
2010.07.23 08:25:45.601,1.3346,1.33495,1.60,7.60
2010.07.23 08:25:45.841,1.3346,1.33495,1.60,8.40
2010.07.23 08:25:46.858,1.3345,1.33475,1.60,1.60
2010.07.23 08:25:47.092,1.3344,1.3347,1.00,1.60
2010.07.23 08:25:48.396,1.3344,1.33475,2.40,4.00
2010.07.23 08:25:48.681,1.3344,1.33475,4.00,3.20
2010.07.23 08:25:49.252,1.3344,1.33475,2.40,9.60
2010.07.23 08:25:49.571,1.3344,1.3347,2.40,1.60
2010.07.23 08:25:50.427,1.33435,1.3347,4.80,4.80
2010.07.23 08:25:50.668,1.33435,1.3347,4.80,6.40
2010.07.23 08:25:51.655,1.33435,1.3347,6.00,4.80
2010.07.23 08:25:51.913,1.3344,1.3347,1.60,3.20
2010.07.23 08:25:52.161,1.33435,1.33465,3.20,3.20
2010.07.23 08:25:52.412,1.33435,1.33465,1.60,4.80
2010.07.23 08:25:53.459,1.33435,1.33465,1.00,4.80
2010.07.23 08:25:53.806,1.3343,1.3346,2.40,1.00
2010.07.23 08:25:55.295,1.3342,1.33445,3.20,1.60
2010.07.23 08:25:55.491,1.33415,1.33445,3.20,4.00
2010.07.23 08:25:55.685,1.33415,1.33445,1.60,5.60
2010.07.23 08:25:56.606,1.33415,1.33445,3.20,4.00
2010.07.23 08:25:56.955,1.33415,1.33445,1.60,5.60
2010.07.23 08:25:57.302,1.33415,1.33445,4.80,1.60
2010.07.23 08:26:00.226,1.33415,1.33445,1.60,6.40
2010.07.23 08:26:00.375,1.3341,1.3344,3.20,1.60
2010.07.23 08:26:01.577,1.33415,1.3344,3.20,1.60
2010.07.23 08:26:03.454,1.33415,1.3344,1.60,2.40
2010.07.23 08:26:03.510,1.3341,1.3344,1.60,2.40
2010.07.23 08:26:04.374,1.3341,1.3344,1.60,4.00
2010.07.23 08:26:04.430,1.3341,1.33435,1.60,1.60
2010.07.23 08:26:04.521,1.33405,1.33435,4.80,1.60
2010.07.23 08:26:04.789,1.3341,1.33435,1.60,1.60
2010.07.23 08:26:05.319,1.33405,1.3343,4.80,1.60
2010.07.23 08:26:05.591,1.33405,1.33425,2.40,1.60
2010.07.23 08:26:08.513,1.33405,1.3343,2.40,1.20
2010.07.23 08:26:08.854,1.3341,1.33435,3.20,1.60
2010.07.23 08:26:08.980,1.3341,1.33435,4.80,1.60
2010.07.23 08:26:09.589,1.3341,1.33445,4.80,8.00
2010.07.23 08:26:09.840,1.3341,1.33445,4.80,6.40
2010.07.23 08:26:11.036,1.33415,1.33445,1.60,4.00
2010.07.23 08:26:12.509,1.33415,1.3344,1.60,1.60
2010.07.23 08:26:12.813,1.33415,1.33435,1.60,1.60
2010.07.23 08:26:13.815,1.33415,1.33445,1.60,5.60
2010.07.23 08:26:14.044,1.33415,1.33445,1.60,7.20
2010.07.23 08:26:14.275,1.33415,1.33445,1.60,8.00
2010.07.23 08:26:15.480,1.33415,1.3344,1.60,1.60
2010.07.23 08:26:16.141,1.3341,1.3344,3.20,1.60
2010.07.23 08:26:17.219,1.334,1.33425,2.40,1.60
2010.07.23 08:26:17.413,1.334,1.33425,2.40,3.20
2010.07.23 08:26:18.457,1.33395,1.33425,3.20,3.20
2010.07.23 08:26:20.094,1.3339,1.3342,4.80,1.60
2010.07.23 08:26:20.315,1.3339,1.33425,3.20,6.40
2010.07.23 08:26:20.535,1.3339,1.33425,1.60,6.40
2010.07.23 08:26:21.489,1.3339,1.33425,1.60,6.80
2010.07.23 08:26:21.778,1.33385,1.33415,1.00,6.40
2010.07.23 08:26:23.134,1.33385,1.33415,1.00,6.80
2010.07.23 08:26:23.472,1.3338,1.3341,1.00,1.00
2010.07.23 08:26:24.839,1.3338,1.3341,1.00,2.40
2010.07.23 08:26:24.909,1.33385,1.33415,1.00,6.40
2010.07.23 08:26:24.969,1.33385,1.33415,1.00,4.80
2010.07.23 08:26:25.189,1.33385,1.33415,1.00,3.20
2010.07.23 08:26:26.076,1.33385,1.33415,1.60,1.60
2010.07.23 08:26:26.687,1.3339,1.33415,3.20,1.60
2010.07.23 08:26:27.794,1.3339,1.3342,3.20,1.60
2010.07.23 08:26:29.157,1.3339,1.33415,1.60,1.60
2010.07.23 08:26:29.385,1.3339,1.3342,1.60,1.60
2010.07.23 08:26:29.609,1.3339,1.3342,3.20,1.60
2010.07.23 08:26:31.075,1.33395,1.33425,3.20,1.60
2010.07.23 08:26:31.469,1.33395,1.3343,4.80,7.80
2010.07.23 08:26:31.728,1.334,1.3343,1.60,6.20
2010.07.23 08:26:32.121,1.33395,1.33425,3.20,1.60
2010.07.23 08:26:33.249,1.334,1.33425,3.20,1.60
2010.07.23 08:26:34.462,1.334,1.33425,1.60,1.60
2010.07.23 08:26:34.709,1.3341,1.33435,1.60,1.60
2010.07.23 08:26:36.400,1.33395,1.33425,2.40,1.60
2010.07.23 08:26:36.542,1.33395,1.33425,1.00,3.20
2010.07.23 08:26:36.680,1.33395,1.33425,1.00,5.60
2010.07.23 08:26:37.681,1.33395,1.33425,1.00,4.00
2010.07.23 08:26:38.023,1.33395,1.33425,2.40,2.40
2010.07.23 08:26:38.364,1.33395,1.33425,1.00,2.40
2010.07.23 08:26:40.471,1.33395,1.33425,2.40,2.40
2010.07.23 08:26:42.438,1.33395,1.3342,1.00,3.20
2010.07.23 08:26:42.682,1.33395,1.3342,1.00,1.60
2010.07.23 08:26:43.475,1.33395,1.33425,1.00,4.80
2010.07.23 08:26:44.682,1.33395,1.33425,1.00,4.00
2010.07.23 08:26:44.957,1.33395,1.33425,1.00,5.60
2010.07.23 08:26:45.942,1.33395,1.3342,1.00,1.60
2010.07.23 08:26:46.014,1.3339,1.33415,1.00,1.60
