2014.10.10 19:00:00.068,1.73072,1.73085,1.00,2.32
2014.10.10 19:00:00.323,1.7307,1.73084,1.50,1.50
2014.10.10 19:00:01.200,1.7307,1.73085,1.50,2.32
2014.10.10 19:00:01.556,1.73072,1.73085,1.00,1.50
2014.10.10 19:00:01.607,1.73072,1.73086,1.50,1.17
2014.10.10 19:00:02.115,1.73073,1.73087,1.00,1.65
2014.10.10 19:00:02.623,1.73072,1.73087,1.50,1.65
2014.10.10 19:00:03.129,1.73073,1.73087,1.00,1.65
2014.10.10 19:00:03.643,1.73072,1.73087,1.50,1.65
2014.10.10 19:00:04.163,1.73073,1.73087,1.00,1.65
2014.10.10 19:00:04.670,1.73072,1.73087,1.50,1.65
2014.10.10 19:00:06.618,1.73072,1.73087,1.50,2.32
2014.10.10 19:00:07.134,1.73075,1.73088,1.00,2.51
2014.10.10 19:00:07.185,1.73075,1.73088,1.00,1.84
2014.10.10 19:00:07.387,1.73077,1.7309,1.00,2.44
2014.10.10 19:00:07.540,1.73078,1.73091,1.00,1.65
2014.10.10 19:00:13.553,1.73075,1.73088,1.00,1.50
2014.10.10 19:00:14.160,1.73071,1.73085,1.00,1.57
2014.10.10 19:00:14.262,1.73071,1.73082,1.00,1.10
2014.10.10 19:00:14.313,1.73069,1.73082,1.00,1.10
2014.10.10 19:00:14.364,1.73069,1.73082,1.00,1.50
2014.10.10 19:00:19.002,1.73066,1.73081,1.00,1.15
2014.10.10 19:00:19.561,1.73068,1.73081,1.00,1.15
2014.10.10 19:00:20.773,1.73066,1.73081,1.00,1.40
2014.10.10 19:00:23.791,1.73066,1.73081,1.00,1.50
2014.10.10 19:00:23.893,1.73068,1.73083,1.00,1.84
2014.10.10 19:00:24.401,1.7307,1.73083,1.00,1.36
2014.10.10 19:00:24.503,1.73067,1.73081,1.00,1.50
2014.10.10 19:00:24.821,1.73069,1.73082,1.00,1.10
2014.10.10 19:00:25.127,1.73071,1.73084,1.00,1.00
2014.10.10 19:00:25.655,1.73073,1.73084,1.00,1.00
2014.10.10 19:00:25.756,1.73071,1.73084,1.00,1.00
2014.10.10 19:00:25.873,1.73073,1.73084,1.00,1.00
2014.10.10 19:00:25.975,1.73071,1.73084,1.50,1.00
2014.10.10 19:00:27.725,1.73073,1.73084,1.00,1.00
2014.10.10 19:00:27.827,1.73071,1.73084,1.50,1.00
2014.10.10 19:00:28.334,1.73077,1.73088,1.50,1.00
2014.10.10 19:00:28.386,1.73077,1.7309,1.50,1.00
2014.10.10 19:00:28.488,1.73078,1.73092,1.00,1.50
2014.10.10 19:00:28.539,1.73082,1.73095,1.00,1.00
2014.10.10 19:00:28.844,1.7308,1.73093,1.00,1.00
2014.10.10 19:00:30.109,1.7308,1.7309,1.00,1.00
2014.10.10 19:00:30.160,1.73078,1.73089,1.00,1.00
2014.10.10 19:00:30.262,1.73076,1.73091,1.00,1.17
2014.10.10 19:00:30.415,1.73078,1.73089,1.00,1.00
2014.10.10 19:00:30.466,1.73079,1.73092,1.00,1.25
2014.10.10 19:00:31.327,1.7308,1.73094,1.00,1.19
2014.10.10 19:00:31.429,1.7308,1.73094,1.00,1.00
2014.10.10 19:00:33.877,1.73085,1.73094,1.00,1.25
2014.10.10 19:00:33.980,1.73085,1.73098,1.00,1.00
2014.10.10 19:00:34.183,1.73089,1.73102,1.00,1.65
2014.10.10 19:00:34.690,1.73089,1.73102,1.00,1.00
2014.10.10 19:00:35.151,1.73089,1.73096,1.00,1.00
2014.10.10 19:00:35.203,1.73087,1.73096,1.00,1.50
2014.10.10 19:00:35.254,1.73087,1.73094,1.00,1.00
2014.10.10 19:00:35.305,1.73082,1.73094,1.00,1.50
2014.10.10 19:00:35.407,1.73079,1.73094,3.82,1.50
2014.10.10 19:00:36.015,1.73078,1.73091,1.00,1.00
2014.10.10 19:00:37.112,1.73075,1.7309,1.50,1.69
2014.10.10 19:00:37.214,1.73074,1.73087,1.50,1.00
2014.10.10 19:00:38.691,1.73072,1.73085,2.25,1.00
2014.10.10 19:00:39.206,1.73069,1.73084,2.25,1.50
2014.10.10 19:00:39.712,1.73067,1.73082,2.25,1.50
2014.10.10 19:00:41.256,1.73068,1.73082,1.00,1.50
2014.10.10 19:00:41.613,1.73069,1.73084,1.00,1.50
2014.10.10 19:00:42.021,1.73072,1.73084,1.00,1.00
2014.10.10 19:00:42.583,1.73072,1.73085,1.00,1.00
2014.10.10 19:00:43.092,1.73073,1.73085,1.00,1.00
2014.10.10 19:00:43.600,1.73072,1.73085,1.50,1.00
2014.10.10 19:00:43.904,1.73074,1.73087,1.00,1.50
2014.10.10 19:00:45.849,1.73075,1.73087,1.00,1.00
2014.10.10 19:00:46.153,1.73078,1.7309,1.00,1.00
2014.10.10 19:00:47.406,1.73082,1.73091,1.00,1.00
2014.10.10 19:00:47.508,1.73078,1.73091,1.00,1.00
2014.10.10 19:00:47.939,1.73083,1.73091,1.00,1.00
2014.10.10 19:00:48.193,1.73078,1.73091,1.00,1.00
2014.10.10 19:00:48.295,1.73083,1.73091,1.00,1.00
2014.10.10 19:00:48.399,1.73078,1.73091,1.00,1.00
2014.10.10 19:00:49.950,1.7308,1.73093,1.00,1.50
2014.10.10 19:00:51.561,1.73085,1.73093,1.00,1.00
2014.10.10 19:00:51.612,1.73085,1.73097,1.00,1.17
2014.10.10 19:00:51.664,1.73088,1.73097,1.00,1.00
2014.10.10 19:00:51.715,1.73088,1.73099,1.00,1.00
2014.10.10 19:00:51.766,1.7309,1.73099,1.00,1.00
2014.10.10 19:00:51.817,1.7309,1.73102,1.00,1.00
2014.10.10 19:00:51.868,1.73092,1.73102,1.00,1.00
2014.10.10 19:00:51.919,1.73092,1.73105,1.00,1.00
2014.10.10 19:00:52.426,1.73095,1.73105,1.00,1.00
2014.10.10 19:00:52.699,1.73095,1.73108,1.00,1.69
2014.10.10 19:00:54.561,1.73095,1.73107,1.00,1.07
2014.10.10 19:00:54.662,1.73092,1.73107,1.50,3.07
2014.10.10 19:00:54.966,1.73089,1.73102,1.00,1.10
2014.10.10 19:00:55.843,1.73088,1.73101,1.00,1.00
2014.10.10 19:00:55.894,1.73086,1.73101,1.00,1.00
2014.10.10 19:00:55.945,1.73089,1.73102,1.00,1.57
2014.10.10 19:00:56.452,1.7309,1.73103,1.50,1.00
2014.10.10 19:01:00.706,1.73089,1.73102,1.00,1.00
2014.10.10 19:01:01.222,1.73089,1.73102,1.00,1.65
2014.10.10 19:01:01.543,1.73089,1.73098,1.00,1.00
2014.10.10 19:01:01.797,1.73089,1.73102,1.00,1.50
2014.10.10 19:01:03.366,1.73092,1.73102,1.00,1.00
2014.10.10 19:01:03.467,1.73089,1.73102,1.00,1.00
2014.10.10 19:01:04.117,1.73089,1.73101,1.00,1.00
2014.10.10 19:01:05.894,1.73086,1.73101,1.00,1.50
2014.10.10 19:01:06.357,1.73088,1.73101,1.00,1.50
2014.10.10 19:01:06.664,1.73093,1.73101,1.00,1.00
2014.10.10 19:01:06.766,1.73089,1.73101,1.00,1.00
2014.10.10 19:01:08.439,1.73087,1.73099,1.00,1.00
2014.10.10 19:01:08.541,1.73084,1.73099,1.50,2.32
2014.10.10 19:01:08.592,1.73084,1.73099,1.50,3.07
2014.10.10 19:01:08.693,1.73082,1.73097,2.25,1.65
2014.10.10 19:01:09.303,1.73082,1.73097,2.25,2.32
2014.10.10 19:01:10.849,1.73083,1.73097,1.00,2.32
2014.10.10 19:01:11.356,1.73082,1.73095,1.00,1.95
2014.10.10 19:01:11.660,1.73077,1.7309,1.00,1.15
2014.10.10 19:01:12.176,1.73077,1.7309,1.00,1.00
2014.10.10 19:01:12.581,1.7308,1.7309,1.00,1.00
2014.10.10 19:01:12.682,1.73083,1.73095,1.00,1.00
2014.10.10 19:01:13.210,1.73083,1.73096,1.00,1.57
2014.10.10 19:01:17.638,1.73081,1.73094,1.50,1.07
2014.10.10 19:01:17.942,1.73079,1.73092,1.50,1.00
2014.10.10 19:01:21.029,1.73079,1.73092,1.00,1.15
2014.10.10 19:01:21.080,1.73077,1.73091,1.00,1.17
2014.10.10 19:01:21.614,1.73076,1.73091,1.50,1.65
2014.10.10 19:01:23.158,1.73079,1.7309,1.00,1.00
2014.10.10 19:01:23.260,1.73077,1.7309,1.00,1.00
2014.10.10 19:01:23.463,1.7308,1.7309,1.00,1.00
2014.10.10 19:01:23.616,1.73086,1.73099,1.00,1.57
2014.10.10 19:01:23.667,1.7309,1.73099,1.00,1.00
2014.10.10 19:01:23.719,1.7309,1.73101,1.00,1.00
2014.10.10 19:01:23.820,1.7309,1.73103,1.00,1.50
2014.10.10 19:01:24.074,1.73092,1.73103,1.00,1.00
2014.10.10 19:01:25.483,1.73093,1.73106,1.50,1.00
2014.10.10 19:01:26.498,1.73091,1.73106,1.50,2.25
2014.10.10 19:01:26.903,1.73093,1.73106,1.50,1.00
2014.10.10 19:01:27.400,1.73091,1.73106,1.50,2.25
2014.10.10 19:01:31.169,1.73093,1.73106,1.00,2.25
2014.10.10 19:01:31.322,1.73091,1.73106,1.50,2.25
2014.10.10 19:01:31.930,1.73092,1.73106,1.00,2.25
2014.10.10 19:01:32.840,1.73091,1.73106,1.50,2.25
2014.10.10 19:01:33.409,1.73092,1.73107,2.25,1.00
2014.10.10 19:01:33.915,1.73092,1.73106,1.00,1.00
2014.10.10 19:01:37.900,1.73093,1.73106,1.00,1.00
2014.10.10 19:01:41.639,1.73098,1.73106,1.50,1.00
2014.10.10 19:01:41.741,1.73101,1.73111,1.00,1.00
2014.10.10 19:01:41.792,1.73103,1.73111,1.00,1.00
2014.10.10 19:01:41.843,1.73103,1.73114,1.00,1.00
2014.10.10 19:01:42.097,1.73103,1.73116,1.00,1.50
2014.10.10 19:01:44.715,1.73108,1.73116,1.00,1.00
2014.10.10 19:01:47.440,1.73108,1.73118,1.00,1.50
2014.10.10 19:01:47.592,1.73103,1.73118,2.25,1.50
2014.10.10 19:01:48.469,1.73103,1.73118,1.87,1.00
2014.10.10 19:01:48.520,1.73108,1.7312,1.00,1.00
2014.10.10 19:01:48.824,1.7311,1.73123,1.00,1.07
2014.10.10 19:01:48.925,1.73111,1.73124,1.00,1.00
2014.10.10 19:01:49.431,1.73111,1.73125,1.50,1.00
2014.10.10 19:01:50.758,1.73112,1.73125,1.00,1.00
2014.10.10 19:01:51.869,1.73112,1.73128,1.00,1.10
2014.10.10 19:01:52.637,1.73113,1.73128,1.00,1.10
2014.10.10 19:01:54.618,1.73112,1.7313,1.00,1.15
2014.10.10 19:01:55.257,1.73113,1.73131,1.50,1.20
2014.10.10 19:02:02.848,1.73111,1.7313,1.50,1.65
2014.10.10 19:02:05.237,1.73111,1.7313,1.69,1.65
2014.10.10 19:02:05.389,1.73115,1.73133,1.00,1.39
2014.10.10 19:02:05.440,1.73115,1.73132,1.00,1.20
2014.10.10 19:02:05.744,1.73112,1.73131,1.37,1.15
2014.10.10 19:02:06.269,1.73112,1.73131,1.00,1.15
2014.10.10 19:02:06.371,1.73114,1.73131,1.00,1.15
2014.10.10 19:02:06.827,1.73114,1.73129,1.00,1.47
2014.10.10 19:02:06.878,1.73111,1.73127,1.00,1.39
2014.10.10 19:02:06.929,1.73109,1.73127,1.00,1.46
2014.10.10 19:02:06.980,1.73108,1.73126,1.50,1.26
2014.10.10 19:02:07.517,1.7311,1.73128,1.00,1.84
2014.10.10 19:02:07.847,1.73113,1.73126,1.00,1.10
2014.10.10 19:02:11.450,1.7311,1.73125,1.00,1.00
2014.10.10 19:02:16.370,1.73109,1.73124,1.57,1.00
2014.10.10 19:02:21.732,1.73111,1.73124,1.00,1.00
2014.10.10 19:02:22.086,1.73111,1.73126,1.50,1.69
2014.10.10 19:02:23.453,1.73111,1.73125,1.00,1.00
2014.10.10 19:02:23.504,1.7311,1.73123,1.00,1.00
2014.10.10 19:02:23.808,1.73108,1.73121,1.00,1.10
2014.10.10 19:02:23.909,1.73105,1.7312,3.00,1.50
2014.10.10 19:02:24.417,1.73105,1.73114,1.00,1.00
2014.10.10 19:02:24.468,1.73103,1.73114,1.00,1.00
2014.10.10 19:02:24.569,1.73101,1.73114,1.00,1.00
2014.10.10 19:02:24.671,1.73103,1.73114,1.00,1.00
2014.10.10 19:02:24.772,1.73099,1.73112,1.00,1.10
2014.10.10 19:02:29.285,1.73101,1.73113,1.00,1.00
2014.10.10 19:02:30.028,1.73101,1.73114,1.00,1.00
2014.10.10 19:02:30.421,1.731,1.73112,1.00,1.07
2014.10.10 19:02:30.930,1.73099,1.73112,1.50,1.20
2014.10.10 19:02:32.293,1.73097,1.73111,1.00,1.01
2014.10.10 19:02:32.802,1.73097,1.7311,1.50,1.00
2014.10.10 19:02:33.460,1.73098,1.7311,1.00,1.00
2014.10.10 19:02:33.966,1.73097,1.7311,1.00,1.00
2014.10.10 19:02:34.892,1.73098,1.7311,1.00,1.00
2014.10.10 19:02:35.400,1.73097,1.7311,1.00,1.00
2014.10.10 19:02:35.914,1.73099,1.73112,1.00,1.39
2014.10.10 19:02:36.459,1.73098,1.7311,1.00,1.00
2014.10.10 19:02:36.988,1.73097,1.7311,1.00,1.00
2014.10.10 19:02:38.163,1.731,1.73111,1.00,1.00
2014.10.10 19:02:38.821,1.73097,1.73111,1.00,1.12
2014.10.10 19:02:41.620,1.73097,1.73111,1.00,1.31
2014.10.10 19:02:47.009,1.73097,1.73111,1.00,1.31
2014.10.10 19:02:49.784,1.73097,1.73111,1.00,1.69
2014.10.10 19:02:50.441,1.73097,1.73111,1.00,1.69
2014.10.10 19:02:56.075,1.73099,1.73112,1.00,1.25
2014.10.10 19:02:56.582,1.73099,1.73111,1.00,1.12
2014.10.10 19:02:57.089,1.73098,1.73111,1.00,1.00
2014.10.10 19:02:57.595,1.73099,1.73111,1.00,1.00
2014.10.10 19:02:57.697,1.73102,1.73113,1.00,1.00
2014.10.10 19:02:57.748,1.73102,1.73115,1.00,1.00
2014.10.10 19:02:58.253,1.73103,1.73117,1.00,1.17
2014.10.10 19:02:58.776,1.73104,1.73117,1.00,1.65
2014.10.10 19:03:05.070,1.73104,1.73112,1.00,1.00
2014.10.10 19:03:05.222,1.73098,1.7311,1.50,1.00
2014.10.10 19:03:05.729,1.73097,1.7311,1.00,1.10
2014.10.10 19:03:08.637,1.73098,1.7311,1.00,1.10
2014.10.10 19:03:10.025,1.73099,1.73111,1.00,1.00
2014.10.10 19:03:10.229,1.73103,1.73116,1.00,2.14
2014.10.10 19:03:10.737,1.73104,1.73119,1.00,2.44
2014.10.10 19:03:11.607,1.73104,1.73119,1.00,1.00
2014.10.10 19:03:13.717,1.73104,1.73119,1.00,1.29
2014.10.10 19:03:14.473,1.73106,1.73119,1.00,1.29
2014.10.10 19:03:15.021,1.73106,1.73119,1.00,1.10
2014.10.10 19:03:16.926,1.73106,1.73119,1.00,1.29
2014.10.10 19:03:17.902,1.73109,1.73119,1.00,1.10
2014.10.10 19:03:18.108,1.73111,1.73126,1.50,2.06
2014.10.10 19:03:18.658,1.73112,1.73126,1.00,1.69
2014.10.10 19:03:18.759,1.73112,1.73123,1.00,1.00
2014.10.10 19:03:18.861,1.7311,1.73123,1.50,1.00
2014.10.10 19:03:18.963,1.7311,1.73121,1.00,1.00
2014.10.10 19:03:19.216,1.73108,1.73121,1.00,1.25
2014.10.10 19:03:19.951,1.73107,1.73119,1.00,1.00
2014.10.10 19:03:20.255,1.7311,1.73122,1.00,1.10
2014.10.10 19:03:20.761,1.73111,1.73123,1.00,1.25
2014.10.10 19:03:21.335,1.73112,1.73125,1.00,1.26
2014.10.10 19:03:21.437,1.73112,1.73125,1.00,1.25
2014.10.10 19:03:26.859,1.73112,1.73125,1.00,1.17
2014.10.10 19:03:27.579,1.73111,1.73125,1.00,1.17
2014.10.10 19:03:32.663,1.73111,1.73121,1.00,1.00
2014.10.10 19:03:32.865,1.73108,1.73121,1.00,1.00
2014.10.10 19:03:36.791,1.73108,1.73121,1.00,1.37
2014.10.10 19:03:39.600,1.73105,1.7312,1.50,1.12
2014.10.10 19:03:43.747,1.73105,1.7312,1.50,1.75
2014.10.10 19:03:43.849,1.731,1.73113,3.00,1.87
2014.10.10 19:03:44.304,1.73098,1.73112,1.50,1.12
2014.10.10 19:03:45.617,1.73097,1.7311,1.00,1.00
2014.10.10 19:03:49.170,1.73097,1.73108,1.00,1.00
2014.10.10 19:03:50.590,1.73097,1.7311,1.00,1.12
2014.10.10 19:03:51.920,1.73095,1.73107,1.50,1.00
2014.10.10 19:03:52.484,1.73095,1.73108,1.50,1.00
2014.10.10 19:03:56.194,1.73096,1.73108,1.00,1.00
2014.10.10 19:03:56.245,1.73096,1.73111,2.25,1.69
2014.10.10 19:03:56.448,1.73099,1.73112,1.00,1.00
2014.10.10 19:03:56.600,1.73103,1.73117,1.00,1.87
2014.10.10 19:03:56.651,1.73105,1.73118,1.00,1.37
2014.10.10 19:03:56.803,1.73106,1.7312,1.50,1.00
2014.10.10 19:03:57.350,1.73107,1.73121,1.00,1.50
2014.10.10 19:03:58.170,1.73109,1.73122,1.00,1.00
2014.10.10 19:03:58.731,1.73109,1.73121,1.00,1.50
2014.10.10 19:03:59.244,1.73106,1.73121,2.25,1.50
2014.10.10 19:04:00.424,1.73106,1.73119,2.25,1.00
2014.10.10 19:04:00.935,1.73106,1.73118,1.00,1.00
2014.10.10 19:04:01.545,1.73104,1.73115,1.50,1.00
2014.10.10 19:04:01.849,1.73101,1.73111,1.00,1.00
2014.10.10 19:04:01.899,1.73099,1.73111,1.00,1.00
2014.10.10 19:04:02.405,1.73098,1.73111,1.50,1.00
2014.10.10 19:04:03.643,1.73098,1.73109,1.00,1.00
2014.10.10 19:04:11.796,1.73098,1.73107,1.00,1.00
2014.10.10 19:04:18.936,1.73098,1.73107,1.00,1.37
2014.10.10 19:04:20.041,1.73098,1.73107,1.00,1.00
2014.10.10 19:04:23.080,1.73098,1.73109,1.00,1.37
2014.10.10 19:04:24.238,1.73098,1.7311,1.00,2.44
2014.10.10 19:04:24.543,1.73098,1.7311,1.00,2.44
2014.10.10 19:04:26.747,1.73098,1.7311,1.00,2.44
2014.10.10 19:04:29.448,1.73098,1.7311,1.00,2.25
2014.10.10 19:04:30.092,1.73098,1.73109,1.00,1.87
2014.10.10 19:04:31.183,1.73098,1.73109,1.00,1.87
2014.10.10 19:04:31.704,1.73098,1.73109,1.00,1.87
2014.10.10 19:04:33.756,1.73098,1.73109,1.00,1.87
2014.10.10 19:04:34.433,1.73095,1.73109,1.00,1.87
2014.10.10 19:04:36.562,1.73095,1.73109,1.00,2.25
2014.10.10 19:04:36.665,1.73093,1.73104,1.00,2.25
2014.10.10 19:04:36.718,1.73093,1.73099,1.00,1.10
2014.10.10 19:04:36.769,1.73089,1.73099,1.00,1.01
2014.10.10 19:04:36.870,1.73086,1.73098,1.50,1.50
2014.10.10 19:04:37.176,1.73087,1.73099,1.00,1.00
2014.10.10 19:04:37.227,1.73088,1.73101,1.00,1.00
2014.10.10 19:04:37.329,1.7309,1.73103,1.00,1.31
2014.10.10 19:04:37.836,1.73087,1.73101,1.50,1.00
2014.10.10 19:04:37.938,1.73087,1.73097,1.00,1.00
2014.10.10 19:04:38.090,1.73084,1.73097,1.00,1.00
2014.10.10 19:04:38.950,1.73083,1.73095,1.00,1.00
2014.10.10 19:04:39.549,1.73083,1.73091,1.00,1.00
2014.10.10 19:04:39.600,1.73079,1.73091,1.00,1.37
2014.10.10 19:04:39.651,1.73079,1.73088,1.00,1.00
2014.10.10 19:04:39.752,1.73073,1.73088,1.00,2.25
2014.10.10 19:04:39.955,1.7307,1.73084,1.00,1.25
2014.10.10 19:04:40.361,1.73072,1.73085,1.00,1.29
2014.10.10 19:04:40.867,1.73073,1.73087,2.25,1.19
2014.10.10 19:04:40.918,1.73073,1.73088,2.25,1.69
2014.10.10 19:04:41.424,1.73073,1.73088,2.25,1.50
2014.10.10 19:04:41.930,1.73073,1.73087,2.25,1.00
2014.10.10 19:04:42.031,1.73075,1.73087,1.00,1.00
2014.10.10 19:04:44.558,1.73073,1.73085,1.00,1.00
2014.10.10 19:04:46.262,1.73073,1.73081,1.00,1.00
2014.10.10 19:04:46.313,1.73071,1.73081,1.00,1.00
2014.10.10 19:04:46.773,1.73071,1.73083,1.00,1.00
2014.10.10 19:04:48.183,1.7307,1.73083,1.00,1.12
2014.10.10 19:04:48.487,1.73067,1.73082,1.00,1.00
2014.10.10 19:04:49.235,1.73067,1.73082,1.00,1.37
2014.10.10 19:04:49.489,1.73066,1.73078,1.00,1.00
2014.10.10 19:04:50.308,1.73067,1.7308,1.00,1.00
2014.10.10 19:04:50.462,1.73066,1.73078,1.50,1.00
2014.10.10 19:04:50.665,1.73067,1.7308,1.00,1.50
2014.10.10 19:04:50.767,1.73069,1.73082,1.00,1.50
2014.10.10 19:04:51.071,1.7307,1.73084,1.00,1.25
2014.10.10 19:04:51.274,1.73072,1.73086,1.00,1.10
2014.10.10 19:04:52.522,1.73072,1.73087,1.00,1.00
2014.10.10 19:04:54.804,1.73075,1.73088,1.00,1.00
2014.10.10 19:04:54.906,1.73078,1.73092,1.50,1.00
2014.10.10 19:04:55.007,1.73081,1.73094,1.00,1.00
2014.10.10 19:04:55.110,1.73082,1.73097,1.57,2.25
2014.10.10 19:04:55.211,1.73085,1.73098,1.00,1.00
2014.10.10 19:04:56.883,1.73087,1.73099,1.00,1.00
2014.10.10 19:04:57.389,1.73088,1.731,1.00,1.00
2014.10.10 19:05:07.800,1.73088,1.73101,1.50,1.00
2014.10.10 19:05:08.331,1.73088,1.73102,2.25,1.31
2014.10.10 19:05:10.085,1.73088,1.73102,2.25,1.31
2014.10.10 19:05:12.538,1.73088,1.73103,2.25,2.81
2014.10.10 19:05:13.836,1.73088,1.731,1.00,1.00
2014.10.10 19:05:23.764,1.73088,1.73099,1.00,1.00
2014.10.10 19:05:28.063,1.73088,1.73101,1.50,1.00
2014.10.10 19:05:28.368,1.73089,1.73104,1.10,1.19
2014.10.10 19:05:29.162,1.73089,1.73104,1.10,1.00
2014.10.10 19:05:35.768,1.7309,1.73104,1.00,1.00
2014.10.10 19:05:36.325,1.73091,1.73104,1.00,1.00
2014.10.10 19:05:43.876,1.7309,1.73097,1.00,1.00
2014.10.10 19:05:43.977,1.73083,1.73096,1.50,1.37
2014.10.10 19:05:44.079,1.7308,1.73093,1.07,1.00
2014.10.10 19:05:44.130,1.7308,1.73093,1.00,1.00
2014.10.10 19:05:44.871,1.73081,1.73093,1.00,1.00
2014.10.10 19:05:49.077,1.73081,1.73091,1.00,1.00
2014.10.10 19:05:49.128,1.73078,1.73091,1.57,1.00
2014.10.10 19:05:49.827,1.73078,1.73091,1.50,1.00
2014.10.10 19:05:50.081,1.7308,1.73093,1.00,1.00
2014.10.10 19:06:00.528,1.73078,1.73092,1.00,1.50
2014.10.10 19:06:00.630,1.73078,1.73089,1.00,1.00
2014.10.10 19:06:00.681,1.73076,1.73089,1.00,1.00
2014.10.10 19:06:00.833,1.73078,1.73091,1.00,1.00
2014.10.10 19:06:00.936,1.73079,1.73094,1.50,2.32
2014.10.10 19:06:02.428,1.7308,1.73094,1.00,1.69
2014.10.10 19:06:14.030,1.7308,1.7309,1.00,1.00
2014.10.10 19:06:14.132,1.73077,1.7309,1.50,1.00
2014.10.10 19:06:14.234,1.73077,1.73087,1.00,1.00
2014.10.10 19:06:14.438,1.73074,1.73087,1.00,1.25
2014.10.10 19:06:15.557,1.73074,1.73087,1.00,1.69
2014.10.10 19:06:16.058,1.7308,1.7309,1.00,1.00
2014.10.10 19:06:16.312,1.7308,1.73093,1.00,1.25
2014.10.10 19:06:19.053,1.73081,1.73093,1.00,1.00
2014.10.10 19:06:22.453,1.7308,1.73093,1.00,1.00
2014.10.10 19:06:22.554,1.73076,1.73089,1.50,1.00
2014.10.10 19:06:23.137,1.73075,1.73086,1.50,1.00
2014.10.10 19:06:23.452,1.73075,1.73088,1.50,1.50
2014.10.10 19:06:24.887,1.73075,1.73088,1.57,1.00
2014.10.10 19:06:26.213,1.73075,1.73088,1.50,1.00
2014.10.10 19:06:26.764,1.73075,1.73087,1.00,1.00
2014.10.10 19:06:27.270,1.73074,1.73087,1.00,1.00
2014.10.10 19:06:27.423,1.73076,1.73089,1.00,1.00
2014.10.10 19:06:29.403,1.73077,1.7309,1.00,1.25
2014.10.10 19:06:31.520,1.73077,1.7309,1.00,1.19
2014.10.10 19:06:32.890,1.73076,1.73088,1.00,1.50
2014.10.10 19:06:33.195,1.73073,1.73088,2.25,1.50
2014.10.10 19:06:33.296,1.73076,1.73089,1.00,1.25
2014.10.10 19:06:35.185,1.73075,1.73083,1.00,1.00
2014.10.10 19:06:35.237,1.73072,1.73083,1.00,1.00
2014.10.10 19:06:35.288,1.73072,1.73081,1.00,1.25
2014.10.10 19:06:35.339,1.73068,1.73081,1.00,1.25
2014.10.10 19:06:36.454,1.73068,1.7308,1.00,1.00
2014.10.10 19:06:36.505,1.73065,1.7308,1.50,1.50
2014.10.10 19:06:37.112,1.7307,1.7308,1.00,1.00
2014.10.10 19:06:37.214,1.73068,1.73081,1.00,1.19
2014.10.10 19:06:37.722,1.73069,1.73082,1.50,1.19
2014.10.10 19:06:38.180,1.73072,1.73082,1.00,1.19
2014.10.10 19:06:38.231,1.73072,1.73084,1.00,1.00
2014.10.10 19:06:38.738,1.73072,1.73085,1.00,1.25
2014.10.10 19:06:45.158,1.73072,1.73084,1.50,1.12
2014.10.10 19:06:45.675,1.73071,1.73084,1.00,1.50
2014.10.10 19:06:47.423,1.73072,1.73085,1.00,1.10
2014.10.10 19:06:49.685,1.73072,1.73084,1.00,1.00
2014.10.10 19:06:49.837,1.7307,1.73083,1.00,1.00
2014.10.10 19:06:50.700,1.73071,1.73083,1.00,1.00
2014.10.10 19:06:50.751,1.73071,1.73086,1.50,1.50
2014.10.10 19:06:51.731,1.7307,1.73083,1.50,1.00
2014.10.10 19:06:52.501,1.73071,1.73084,1.00,1.07
2014.10.10 19:06:52.653,1.73072,1.73085,1.00,1.00
2014.10.10 19:06:58.155,1.7307,1.73083,1.00,1.00
2014.10.10 19:06:58.458,1.73069,1.73081,1.00,1.00
2014.10.10 19:06:59.524,1.73066,1.7308,1.50,1.12
2014.10.10 19:06:59.575,1.73066,1.73078,1.00,1.00
2014.10.10 19:06:59.878,1.73066,1.73076,1.00,1.00
2014.10.10 19:07:00.083,1.73064,1.73076,1.00,1.00
2014.10.10 19:07:01.982,1.73063,1.73076,1.00,1.00
2014.10.10 19:07:05.368,1.73063,1.73077,1.00,1.00
2014.10.10 19:07:05.470,1.73066,1.73077,1.00,1.00
2014.10.10 19:07:05.571,1.73067,1.7308,1.50,1.00
2014.10.10 19:07:07.796,1.73067,1.73082,1.50,1.50
2014.10.10 19:07:13.967,1.73067,1.73082,1.87,1.50
2014.10.10 19:07:14.018,1.7307,1.73082,1.00,1.00
2014.10.10 19:07:14.524,1.7307,1.73083,1.00,1.00
2014.10.10 19:07:14.726,1.73071,1.73085,1.00,1.00
2014.10.10 19:07:15.257,1.73071,1.73086,1.00,1.50
2014.10.10 19:07:19.809,1.7307,1.73085,1.00,1.00
2014.10.10 19:07:19.912,1.73068,1.7308,1.00,1.00
2014.10.10 19:07:20.014,1.73065,1.73078,2.25,1.10
2014.10.10 19:07:20.116,1.73062,1.73077,1.87,1.50
2014.10.10 19:07:20.318,1.73064,1.73078,1.50,1.65
2014.10.10 19:07:20.625,1.73064,1.73078,1.50,2.44
2014.10.10 19:07:20.778,1.73055,1.7307,1.00,1.00
2014.10.10 19:07:20.981,1.73055,1.73068,1.00,1.00
2014.10.10 19:07:21.499,1.73054,1.73067,1.00,1.00
2014.10.10 19:07:22.813,1.7306,1.73068,1.00,1.00
2014.10.10 19:07:22.966,1.7306,1.7307,1.00,1.00
2014.10.10 19:07:23.068,1.7306,1.73073,1.00,1.50
2014.10.10 19:07:23.321,1.7306,1.73071,1.00,1.00
2014.10.10 19:07:23.524,1.73058,1.73071,1.00,1.50
2014.10.10 19:07:24.031,1.7306,1.73071,1.00,1.00
2014.10.10 19:07:24.082,1.7306,1.73073,1.00,1.00
2014.10.10 19:07:24.134,1.73062,1.73074,1.00,1.25
2014.10.10 19:07:24.235,1.73059,1.73072,1.57,1.00
2014.10.10 19:07:24.337,1.73057,1.7307,1.00,1.00
2014.10.10 19:07:24.438,1.73055,1.7307,1.00,1.50
2014.10.10 19:07:26.035,1.73055,1.73066,1.00,1.00
2014.10.10 19:07:26.138,1.73055,1.73068,1.00,1.00
2014.10.10 19:07:26.341,1.73057,1.73069,1.00,1.00
2014.10.10 19:07:26.769,1.73059,1.73072,1.00,1.50
2014.10.10 19:07:27.830,1.73059,1.73067,1.50,1.00
2014.10.10 19:07:27.932,1.73061,1.73072,1.00,1.00
2014.10.10 19:07:28.438,1.73061,1.73065,1.00,1.00
2014.10.10 19:07:28.489,1.73054,1.73064,1.50,1.00
2014.10.10 19:07:28.591,1.73051,1.73064,1.00,1.25
2014.10.10 19:07:28.642,1.73051,1.73062,1.00,1.00
2014.10.10 19:07:28.795,1.73048,1.73062,1.50,1.00
2014.10.10 19:07:28.947,1.7305,1.73063,1.00,1.87
2014.10.10 19:07:29.352,1.73049,1.73061,1.00,1.00
2014.10.10 19:07:29.403,1.73047,1.7306,1.00,1.00
2014.10.10 19:07:30.010,1.73048,1.73063,1.00,1.00
2014.10.10 19:07:30.061,1.73053,1.73064,1.00,1.00
2014.10.10 19:07:30.112,1.73053,1.73066,1.00,1.25
2014.10.10 19:07:30.164,1.73055,1.73068,1.00,2.14
2014.10.10 19:07:30.215,1.73055,1.73068,1.00,1.12
2014.10.10 19:07:31.075,1.73057,1.73069,1.00,1.00
2014.10.10 19:07:31.227,1.73058,1.73072,1.00,1.00
2014.10.10 19:07:31.581,1.7306,1.73074,1.00,1.00
2014.10.10 19:07:32.111,1.7306,1.73075,1.50,2.62
2014.10.10 19:07:32.662,1.73061,1.73075,1.00,1.50
2014.10.10 19:07:34.731,1.7306,1.73075,1.50,1.50
2014.10.10 19:07:35.035,1.73059,1.73072,1.00,1.00
2014.10.10 19:07:37.291,1.73061,1.73074,1.00,1.50
2014.10.10 19:07:37.545,1.73053,1.73067,3.00,1.10
2014.10.10 19:07:37.596,1.73053,1.73065,1.50,1.25
2014.10.10 19:07:37.647,1.73051,1.73064,1.50,1.00
2014.10.10 19:07:37.850,1.73051,1.73062,1.00,1.00
2014.10.10 19:07:37.951,1.73051,1.73064,1.00,1.00
2014.10.10 19:07:39.312,1.73052,1.73064,1.00,1.00
2014.10.10 19:07:39.819,1.73053,1.73064,1.00,1.00
2014.10.10 19:07:39.920,1.73051,1.73064,1.00,1.00
2014.10.10 19:07:42.940,1.7305,1.73063,1.00,1.00
2014.10.10 19:07:43.859,1.73052,1.73065,1.00,1.00
2014.10.10 19:07:44.165,1.7305,1.73063,1.00,1.00
2014.10.10 19:07:44.469,1.73052,1.73065,1.00,1.00
2014.10.10 19:07:47.541,1.73057,1.73065,1.00,1.50
2014.10.10 19:07:47.846,1.73067,1.73076,1.00,1.00
2014.10.10 19:07:48.001,1.73063,1.73076,1.00,1.50
2014.10.10 19:07:48.103,1.73061,1.73074,1.10,1.00
2014.10.10 19:07:48.768,1.73062,1.73075,1.00,1.00
2014.10.10 19:07:48.869,1.7306,1.73074,1.00,1.00
2014.10.10 19:07:48.971,1.73059,1.73071,1.00,1.00
2014.10.10 19:07:49.494,1.73058,1.73071,1.00,1.00
2014.10.10 19:07:49.798,1.73049,1.73059,1.00,1.00
2014.10.10 19:07:49.952,1.73043,1.73058,1.50,1.00
2014.10.10 19:07:50.306,1.73042,1.73055,2.25,1.00
2014.10.10 19:07:52.930,1.73041,1.73054,1.00,1.00
2014.10.10 19:07:53.234,1.73038,1.73051,1.00,1.00
2014.10.10 19:07:53.538,1.7304,1.73053,1.00,1.25
2014.10.10 19:07:55.160,1.7304,1.73053,1.00,1.19
2014.10.10 19:07:55.462,1.73033,1.73046,1.00,1.00
2014.10.10 19:07:55.716,1.73031,1.73044,1.50,1.00
2014.10.10 19:07:57.411,1.73034,1.73048,1.00,2.21
2014.10.10 19:07:57.616,1.73043,1.73055,1.00,2.62
2014.10.10 19:07:58.436,1.73045,1.73058,1.00,1.37
2014.10.10 19:07:58.487,1.73045,1.73058,1.00,1.00
2014.10.10 19:07:59.042,1.73044,1.73056,1.12,1.00
2014.10.10 19:07:59.196,1.73041,1.73054,1.00,1.00
2014.10.10 19:07:59.449,1.73038,1.73053,1.00,1.00
2014.10.10 19:08:01.534,1.73038,1.73052,1.00,1.00
2014.10.10 19:08:02.043,1.73038,1.73053,1.00,1.00
2014.10.10 19:08:02.145,1.73042,1.73055,1.00,1.19
2014.10.10 19:08:02.449,1.7304,1.73055,1.00,1.19
2014.10.10 19:08:03.005,1.73038,1.73053,1.57,1.00
2014.10.10 19:08:04.536,1.73038,1.73053,1.00,1.00
2014.10.10 19:08:06.580,1.73038,1.73052,1.00,1.00
2014.10.10 19:08:07.093,1.73038,1.73053,1.00,1.50
2014.10.10 19:08:08.717,1.73038,1.73052,1.00,1.00
2014.10.10 19:08:09.110,1.73043,1.73051,1.00,1.00
2014.10.10 19:08:09.212,1.73038,1.73051,1.00,1.00
2014.10.10 19:08:12.101,1.73043,1.73051,1.00,1.00
2014.10.10 19:08:12.204,1.73038,1.73051,1.00,1.00
2014.10.10 19:08:12.255,1.73038,1.73048,1.00,1.00
2014.10.10 19:08:12.559,1.73033,1.73042,1.00,1.00
2014.10.10 19:08:12.610,1.73028,1.7304,1.50,1.00
2014.10.10 19:08:13.066,1.73033,1.7304,1.00,1.00
2014.10.10 19:08:13.269,1.73028,1.7304,1.00,1.00
2014.10.10 19:08:13.774,1.73027,1.7304,1.00,1.00
2014.10.10 19:08:14.298,1.73028,1.7304,1.00,1.00
2014.10.10 19:08:14.399,1.73027,1.73038,1.00,1.00
2014.10.10 19:08:14.956,1.73025,1.73038,1.00,1.00
2014.10.10 19:08:15.674,1.73026,1.73038,1.00,1.00
2014.10.10 19:08:15.725,1.73028,1.73041,1.00,1.00
2014.10.10 19:08:16.231,1.73027,1.73042,1.37,1.00
2014.10.10 19:08:16.839,1.73028,1.73042,1.12,1.00
2014.10.10 19:08:17.092,1.73026,1.73034,1.47,1.00
2014.10.10 19:08:17.144,1.73026,1.73034,1.10,1.00
2014.10.10 19:08:17.195,1.73021,1.73034,1.00,1.00
2014.10.10 19:08:17.398,1.73023,1.73036,1.00,1.10
2014.10.10 19:08:17.746,1.73025,1.73038,1.00,1.00
2014.10.10 19:08:18.152,1.73028,1.73038,1.00,1.00
2014.10.10 19:08:18.204,1.73028,1.7304,1.00,1.00
2014.10.10 19:08:18.457,1.73026,1.73041,1.50,1.50
2014.10.10 19:08:18.609,1.73023,1.73035,1.00,1.00
2014.10.10 19:08:19.119,1.73022,1.73035,1.00,1.00
2014.10.10 19:08:19.727,1.73021,1.73033,1.00,1.00
2014.10.10 19:08:20.033,1.73023,1.73035,1.00,1.00
2014.10.10 19:08:20.439,1.73027,1.73035,1.00,1.00
2014.10.10 19:08:20.541,1.73022,1.73035,1.00,1.00
2014.10.10 19:08:20.745,1.73019,1.73032,1.00,1.00
2014.10.10 19:08:20.846,1.7302,1.73035,1.00,1.00
2014.10.10 19:08:21.302,1.73023,1.73035,1.00,1.10
2014.10.10 19:08:21.657,1.73027,1.73035,1.00,1.00
2014.10.10 19:08:21.859,1.73022,1.73035,1.00,1.00
2014.10.10 19:08:22.062,1.73028,1.73036,1.00,1.00
2014.10.10 19:08:22.315,1.73025,1.73038,1.00,1.25
2014.10.10 19:08:24.604,1.73028,1.73038,1.00,1.00
2014.10.10 19:08:24.817,1.73025,1.73038,1.00,1.00
2014.10.10 19:08:25.324,1.73027,1.7304,1.00,1.00
2014.10.10 19:08:27.923,1.73028,1.73041,1.00,1.00
2014.10.10 19:08:28.076,1.73028,1.73043,1.00,1.00
2014.10.10 19:08:34.822,1.73033,1.73043,1.00,1.00
2014.10.10 19:08:35.338,1.73032,1.73043,1.00,1.00
2014.10.10 19:08:35.440,1.73033,1.73045,1.12,1.00
2014.10.10 19:08:35.541,1.73033,1.73048,1.12,1.50
2014.10.10 19:08:35.896,1.73033,1.73048,1.95,1.00
2014.10.10 19:08:36.403,1.73036,1.73049,1.10,1.00
2014.10.10 19:08:36.799,1.73038,1.73051,1.00,1.00
2014.10.10 19:08:37.104,1.73042,1.73051,1.00,1.00
2014.10.10 19:08:37.155,1.73038,1.73051,1.00,1.00
2014.10.10 19:08:41.462,1.73043,1.73055,1.00,1.00
2014.10.10 19:08:41.768,1.73043,1.73058,2.25,2.44
2014.10.10 19:08:41.819,1.73043,1.73058,2.40,2.44
2014.10.10 19:08:42.705,1.73043,1.73056,1.10,1.00
2014.10.10 19:08:42.756,1.73041,1.73056,1.65,1.50
2014.10.10 19:08:43.167,1.73041,1.73054,1.00,1.00
2014.10.10 19:08:43.270,1.73039,1.73054,1.50,1.50
2014.10.10 19:08:44.646,1.73039,1.73052,1.00,1.00
2014.10.10 19:08:44.697,1.73037,1.73052,1.50,1.50
2014.10.10 19:08:48.261,1.73038,1.73052,1.00,1.50
2014.10.10 19:08:48.925,1.73037,1.73052,1.50,1.50
2014.10.10 19:08:52.821,1.73039,1.73052,1.00,1.00
2014.10.10 19:09:05.619,1.73039,1.73048,1.00,1.00
2014.10.10 19:09:05.970,1.73027,1.7304,1.00,1.00
2014.10.10 19:09:07.190,1.73028,1.7304,1.00,1.00
2014.10.10 19:09:07.965,1.73027,1.7304,1.50,1.00
2014.10.10 19:09:08.481,1.73028,1.7304,1.00,1.00
2014.10.10 19:09:08.634,1.73023,1.73034,1.00,1.00
2014.10.10 19:09:08.735,1.73018,1.73031,1.95,1.00
2014.10.10 19:09:09.921,1.73023,1.73031,1.00,1.00
2014.10.10 19:09:10.228,1.73023,1.73029,1.00,1.00
2014.10.10 19:09:10.279,1.73017,1.73029,1.00,1.00
2014.10.10 19:09:10.381,1.73023,1.73029,1.00,1.00
2014.10.10 19:09:10.483,1.73016,1.73029,1.00,1.00
2014.10.10 19:09:10.704,1.73018,1.73029,1.00,1.00
2014.10.10 19:09:11.016,1.73016,1.73029,1.00,1.00
2014.10.10 19:09:13.134,1.73017,1.73029,1.00,1.00
2014.10.10 19:09:13.679,1.73018,1.73029,1.00,1.00
2014.10.10 19:09:14.337,1.73017,1.73029,1.00,1.00
2014.10.10 19:09:15.411,1.73016,1.73029,1.00,1.00
2014.10.10 19:09:15.960,1.73015,1.73028,1.00,1.00
2014.10.10 19:09:21.157,1.73014,1.73027,1.00,1.00
2014.10.10 19:09:22.115,1.73014,1.73027,1.07,1.00
2014.10.10 19:09:22.369,1.73018,1.73027,1.00,1.00
2014.10.10 19:09:22.673,1.73018,1.73029,1.00,1.00
2014.10.10 19:09:22.724,1.73016,1.73029,1.12,1.00
2014.10.10 19:09:22.826,1.73018,1.73029,1.00,1.00
2014.10.10 19:09:23.028,1.73016,1.73029,1.12,1.00
2014.10.10 19:09:23.538,1.73016,1.73029,1.37,1.00
2014.10.10 19:09:35.216,1.73016,1.73029,1.00,1.00
2014.10.10 19:09:39.378,1.73016,1.73029,1.07,1.00
2014.10.10 19:09:47.222,1.73017,1.73032,1.27,1.00
2014.10.10 19:09:47.424,1.73017,1.73032,1.57,1.00
2014.10.10 19:09:51.101,1.73018,1.73032,1.00,1.00
2014.10.10 19:09:52.737,1.73017,1.73031,1.20,1.50
2014.10.10 19:09:55.355,1.73018,1.73031,1.00,1.50
2014.10.10 19:09:56.237,1.73014,1.73029,2.77,1.50
2014.10.10 19:09:56.701,1.73014,1.73026,1.65,1.00
2014.10.10 19:09:57.055,1.73011,1.73025,1.00,1.00
2014.10.10 19:09:57.510,1.73008,1.73027,1.65,1.25
2014.10.10 19:09:57.612,1.7301,1.73027,1.95,1.25
2014.10.10 19:09:57.865,1.7301,1.73029,3.00,1.00
2014.10.10 19:09:59.634,1.7301,1.73028,3.00,1.00
2014.10.10 19:09:59.736,1.7301,1.73027,1.10,1.00
2014.10.10 19:09:59.837,1.7301,1.73029,1.52,1.25
2014.10.10 19:10:00.344,1.73012,1.73028,2.25,1.00
2014.10.10 19:10:00.395,1.73013,1.73031,1.57,1.00
2014.10.10 19:10:00.863,1.73018,1.73032,1.00,1.00
2014.10.10 19:10:01.216,1.73021,1.73034,1.00,1.69
2014.10.10 19:10:01.621,1.73023,1.73036,1.00,1.00
2014.10.10 19:10:07.077,1.7302,1.73033,1.00,1.00
2014.10.10 19:10:07.179,1.73021,1.73036,1.00,1.00
2014.10.10 19:10:10.671,1.73023,1.73036,1.00,1.00
2014.10.10 19:10:10.888,1.73021,1.73036,1.10,1.00
2014.10.10 19:10:16.006,1.73023,1.73036,1.00,1.00
2014.10.10 19:10:16.464,1.73021,1.73036,1.10,1.00
2014.10.10 19:10:17.185,1.73022,1.73036,1.00,1.00
2014.10.10 19:10:17.755,1.73023,1.73036,1.00,1.00
2014.10.10 19:10:22.544,1.73025,1.73038,1.00,1.50
2014.10.10 19:10:23.383,1.73026,1.73038,1.00,1.00
2014.10.10 19:10:31.851,1.73024,1.73038,1.57,1.00
2014.10.10 19:10:36.345,1.73024,1.73037,1.10,1.00
2014.10.10 19:10:36.497,1.73022,1.73034,1.07,1.00
2014.10.10 19:10:36.548,1.73021,1.73034,1.17,1.00
2014.10.10 19:10:36.801,1.73018,1.73031,2.32,1.00
2014.10.10 19:10:36.852,1.73018,1.73031,1.65,1.00
2014.10.10 19:10:36.903,1.73018,1.73033,1.65,1.50
2014.10.10 19:10:37.005,1.73021,1.73033,1.00,1.00
2014.10.10 19:10:37.512,1.73021,1.73034,1.17,1.00
2014.10.10 19:10:37.818,1.73024,1.73039,1.50,2.44
2014.10.10 19:10:43.429,1.73024,1.73038,1.00,1.00
2014.10.10 19:10:43.935,1.73023,1.73038,1.10,1.00
2014.10.10 19:10:53.356,1.73023,1.73036,1.10,1.00
2014.10.10 19:10:54.831,1.73025,1.73037,1.00,1.00
2014.10.10 19:10:55.345,1.73025,1.73038,1.00,1.00
2014.10.10 19:10:55.851,1.73024,1.73037,1.00,1.00
2014.10.10 19:10:56.356,1.73022,1.73037,2.40,1.50
2014.10.10 19:10:56.873,1.73022,1.73031,1.00,1.00
2014.10.10 19:10:56.923,1.73019,1.73031,1.65,1.00
2014.10.10 19:10:56.974,1.7302,1.73033,1.10,1.00
2014.10.10 19:10:57.480,1.73019,1.73034,1.65,1.50
2014.10.10 19:10:58.044,1.73019,1.73033,1.65,1.00
2014.10.10 19:10:58.890,1.73019,1.73033,3.00,1.00
2014.10.10 19:10:59.397,1.73019,1.73034,4.12,1.50
2014.10.10 19:11:00.415,1.73022,1.73035,1.17,1.00
2014.10.10 19:11:11.358,1.73022,1.73036,1.17,1.50
2014.10.10 19:11:14.337,1.73024,1.73036,1.37,1.00
2014.10.10 19:11:14.439,1.73025,1.73038,1.20,1.00
2014.10.10 19:11:20.702,1.73027,1.73039,1.00,1.00
2014.10.10 19:11:21.007,1.73027,1.73039,1.15,1.00
2014.10.10 19:11:21.514,1.73027,1.7304,1.15,1.00
2014.10.10 19:11:23.275,1.73027,1.7304,1.00,1.00
2014.10.10 19:11:23.852,1.73028,1.73041,1.00,1.00
2014.10.10 19:11:23.954,1.73031,1.73043,1.00,1.19
2014.10.10 19:11:24.359,1.73028,1.73043,1.00,1.19
2014.10.10 19:11:25.381,1.73028,1.73043,1.00,1.69
2014.10.10 19:11:25.887,1.7303,1.73043,1.00,1.69
2014.10.10 19:11:26.393,1.73028,1.73043,2.40,1.69
2014.10.10 19:11:26.899,1.73028,1.73043,1.50,1.69
2014.10.10 19:11:27.671,1.73028,1.73043,2.25,1.69
2014.10.10 19:11:27.976,1.73031,1.73044,1.20,1.19
2014.10.10 19:11:28.384,1.73029,1.73042,1.00,1.25
2014.10.10 19:11:29.305,1.73029,1.73041,1.00,1.00
2014.10.10 19:11:29.662,1.7303,1.73043,1.17,1.00
2014.10.10 19:11:29.764,1.73031,1.73046,1.57,2.81
2014.10.10 19:11:30.321,1.73031,1.73046,1.65,2.06
2014.10.10 19:11:30.827,1.73031,1.73046,2.70,1.50
2014.10.10 19:11:31.344,1.73031,1.73046,2.02,1.50
2014.10.10 19:11:32.156,1.73034,1.73047,1.00,1.00
2014.10.10 19:11:32.460,1.73035,1.73047,1.17,1.00
2014.10.10 19:11:36.252,1.73036,1.73049,1.10,1.00
2014.10.10 19:11:45.477,1.7304,1.73052,1.00,1.00
2014.10.10 19:11:45.783,1.73042,1.73053,1.00,1.00
2014.10.10 19:11:45.936,1.73042,1.73055,1.00,1.50
2014.10.10 19:11:45.987,1.73043,1.73058,1.00,1.25
2014.10.10 19:11:46.089,1.73043,1.73058,1.57,1.25
2014.10.10 19:11:55.312,1.73047,1.73058,1.00,1.25
2014.10.10 19:11:55.617,1.73043,1.7305,1.00,1.00
2014.10.10 19:11:55.719,1.73038,1.73049,1.10,1.50
2014.10.10 19:11:55.922,1.73034,1.73049,2.40,1.50
2014.10.10 19:11:55.973,1.73037,1.73049,1.00,1.50
2014.10.10 19:11:56.080,1.73034,1.73049,2.40,1.50
2014.10.10 19:11:56.435,1.73036,1.73051,1.50,1.50
2014.10.10 19:11:56.537,1.73036,1.73051,1.65,1.50
2014.10.10 19:11:58.256,1.7304,1.73053,1.00,1.00
2014.10.10 19:11:58.560,1.73043,1.73057,1.50,1.69
2014.10.10 19:11:58.765,1.73042,1.73057,2.25,1.50
2014.10.10 19:11:58.816,1.73045,1.73058,1.00,1.25
2014.10.10 19:11:59.120,1.7305,1.73065,2.40,1.87
2014.10.10 19:11:59.424,1.73053,1.73065,1.00,1.50
2014.10.10 19:11:59.627,1.73053,1.73067,1.07,1.00
2014.10.10 19:12:00.167,1.73055,1.73068,1.10,1.00
2014.10.10 19:12:01.634,1.73055,1.73068,1.07,1.00
2014.10.10 19:12:02.825,1.73059,1.73072,1.00,1.00
2014.10.10 19:12:04.129,1.73058,1.7307,1.00,1.00
2014.10.10 19:12:04.644,1.73057,1.7307,1.00,1.00
2014.10.10 19:12:09.232,1.73057,1.73069,1.00,1.00
2014.10.10 19:12:09.283,1.73055,1.73068,1.00,1.00
2014.10.10 19:12:09.333,1.73055,1.73063,1.00,1.00
2014.10.10 19:12:09.384,1.7305,1.73062,1.00,1.19
2014.10.10 19:12:09.587,1.73048,1.73062,1.00,1.19
2014.10.10 19:12:10.569,1.73048,1.73063,1.00,1.19
2014.10.10 19:12:11.557,1.73048,1.73063,1.00,1.69
2014.10.10 19:12:12.560,1.73048,1.73063,1.50,1.19
2014.10.10 19:12:14.777,1.73048,1.73063,1.00,1.69
2014.10.10 19:12:14.879,1.7305,1.73063,1.00,1.69
2014.10.10 19:12:15.488,1.73053,1.73066,1.50,1.19
2014.10.10 19:12:16.774,1.73053,1.73066,1.50,1.25
2014.10.10 19:12:19.080,1.73053,1.73066,1.50,1.19
2014.10.10 19:12:21.364,1.73055,1.73066,1.00,1.19
2014.10.10 19:12:21.516,1.73058,1.73071,1.50,1.19
2014.10.10 19:12:22.918,1.73058,1.73071,1.00,1.00
2014.10.10 19:12:23.444,1.73059,1.73072,1.50,1.07
2014.10.10 19:12:25.003,1.73059,1.73072,1.50,1.00
2014.10.10 19:12:27.231,1.73058,1.73071,1.00,1.00
2014.10.10 19:12:27.919,1.73058,1.73071,1.00,1.19
2014.10.10 19:12:28.429,1.73056,1.73069,1.00,1.19
2014.10.10 19:12:28.531,1.73052,1.73066,1.00,1.65
2014.10.10 19:12:28.734,1.73051,1.73066,1.50,2.59
2014.10.10 19:12:28.936,1.73047,1.73062,1.50,2.44
2014.10.10 19:12:29.139,1.73046,1.73058,1.00,1.00
2014.10.10 19:12:32.230,1.73046,1.73058,1.00,1.19
2014.10.10 19:12:33.329,1.73044,1.73057,1.00,1.25
2014.10.10 19:12:33.937,1.73044,1.73057,1.00,1.09
2014.10.10 19:12:42.583,1.73044,1.73057,1.00,1.25
2014.10.10 19:12:43.142,1.73046,1.73058,1.00,1.69
2014.10.10 19:12:43.295,1.73048,1.73061,1.00,1.69
2014.10.10 19:12:44.800,1.73048,1.73061,1.00,1.69
2014.10.10 19:12:51.268,1.73049,1.73062,1.00,1.19
2014.10.10 19:12:51.774,1.7305,1.73065,1.50,2.51
2014.10.10 19:12:54.822,1.7305,1.73065,1.50,2.51
2014.10.10 19:12:56.722,1.73049,1.73062,1.00,1.00
2014.10.10 19:12:57.431,1.73049,1.73062,1.00,1.19
2014.10.10 19:12:58.603,1.73049,1.73062,1.00,1.25
2014.10.10 19:12:59.018,1.73051,1.73064,1.00,2.06
2014.10.10 19:12:59.641,1.73051,1.73064,1.00,1.25
2014.10.10 19:13:03.028,1.73051,1.73064,1.00,1.19
2014.10.10 19:13:03.231,1.73049,1.73061,1.50,1.26
2014.10.10 19:13:03.333,1.73044,1.73057,1.00,1.00
2014.10.10 19:13:03.486,1.73044,1.73054,1.00,1.00
2014.10.10 19:13:03.537,1.73039,1.73051,1.10,1.25
2014.10.10 19:13:03.638,1.73035,1.73048,1.10,1.19
2014.10.10 19:13:03.894,1.73038,1.73051,1.00,2.14
2014.10.10 19:13:04.855,1.73038,1.73051,1.00,1.50
2014.10.10 19:13:05.337,1.7304,1.73051,1.00,1.00
2014.10.10 19:13:10.436,1.73041,1.73054,1.00,2.51
2014.10.10 19:13:10.946,1.73041,1.73054,1.00,1.76
2014.10.10 19:13:13.054,1.73041,1.73054,1.00,1.76
2014.10.10 19:13:15.141,1.73041,1.73054,1.00,1.76
2014.10.10 19:13:16.021,1.73039,1.73054,1.00,1.76
2014.10.10 19:13:16.527,1.73042,1.73054,1.00,1.29
2014.10.10 19:13:17.259,1.73042,1.73055,1.00,1.36
2014.10.10 19:13:18.734,1.73039,1.73054,1.00,1.10
2014.10.10 19:13:23.154,1.73038,1.73051,1.50,1.00
2014.10.10 19:13:23.459,1.73041,1.73052,1.00,1.00
2014.10.10 19:13:24.235,1.73041,1.73053,1.00,1.00
2014.10.10 19:13:25.199,1.73041,1.73052,1.00,1.00
2014.10.10 19:13:27.384,1.73039,1.73052,1.00,1.50
2014.10.10 19:13:32.612,1.73039,1.73047,1.00,1.00
2014.10.10 19:13:33.803,1.73039,1.73052,1.00,1.50
2014.10.10 19:13:39.335,1.73039,1.73052,1.37,1.00
2014.10.10 19:13:39.436,1.73046,1.73058,1.00,2.06
2014.10.10 19:13:39.943,1.73046,1.73058,1.00,1.25
2014.10.10 19:13:42.824,1.73046,1.73057,1.00,1.00
2014.10.10 19:13:42.875,1.73046,1.73054,1.00,1.00
2014.10.10 19:13:42.926,1.7304,1.73052,1.10,1.00
2014.10.10 19:13:43.179,1.73039,1.73054,1.17,1.50
2014.10.10 19:13:43.808,1.73039,1.73054,2.32,1.00
2014.10.10 19:13:43.910,1.73043,1.73058,1.00,1.69
2014.10.10 19:13:43.961,1.73043,1.73058,1.07,1.69
2014.10.10 19:13:44.013,1.73049,1.73058,1.00,1.25
2014.10.10 19:13:44.115,1.73052,1.73062,1.00,1.00
2014.10.10 19:13:44.166,1.73052,1.73062,1.07,1.00
2014.10.10 19:13:44.269,1.73055,1.73068,1.57,1.00
2014.10.10 19:13:44.371,1.73055,1.7307,1.65,1.50
2014.10.10 19:13:44.878,1.73058,1.73071,1.10,1.87
2014.10.10 19:13:46.223,1.73056,1.73069,1.07,1.00
2014.10.10 19:13:46.730,1.73056,1.73069,1.00,1.00
2014.10.10 19:13:50.710,1.73054,1.73067,1.65,1.00
2014.10.10 19:13:50.863,1.73051,1.73066,2.40,1.50
2014.10.10 19:13:51.812,1.73055,1.73066,1.00,1.00
2014.10.10 19:13:51.913,1.73055,1.7307,1.50,2.25
2014.10.10 19:13:52.421,1.73055,1.7307,1.65,1.50
2014.10.10 19:13:54.610,1.73055,1.7307,1.65,1.69
2014.10.10 19:13:56.046,1.73054,1.73067,1.65,1.00
2014.10.10 19:13:58.225,1.73056,1.73068,1.10,1.00
2014.10.10 19:13:58.735,1.73056,1.73069,1.10,1.00
2014.10.10 19:14:01.920,1.73056,1.73069,1.10,1.19
2014.10.10 19:14:02.447,1.73054,1.73067,1.65,1.00
2014.10.10 19:14:02.804,1.73051,1.73066,1.15,1.00
2014.10.10 19:14:06.168,1.73052,1.73066,1.07,1.00
2014.10.10 19:14:06.484,1.73051,1.73066,1.17,1.00
2014.10.10 19:14:18.905,1.73051,1.73066,1.00,1.00
2014.10.10 19:14:21.365,1.73051,1.73064,1.00,1.00
2014.10.10 19:14:26.810,1.73051,1.73066,1.00,1.69
2014.10.10 19:14:27.572,1.73051,1.73066,1.50,1.50
2014.10.10 19:14:37.130,1.73051,1.73065,1.50,1.00
2014.10.10 19:14:38.169,1.73053,1.73065,1.00,1.00
2014.10.10 19:14:38.678,1.73051,1.73065,1.50,1.00
2014.10.10 19:14:42.171,1.73052,1.73065,1.00,1.00
2014.10.10 19:14:42.508,1.73055,1.73065,1.00,1.00
2014.10.10 19:14:42.660,1.73055,1.73068,1.00,1.69
2014.10.10 19:14:44.733,1.73057,1.7307,1.00,1.69
2014.10.10 19:14:45.037,1.73059,1.7307,1.00,1.00
2014.10.10 19:14:45.340,1.73063,1.7307,1.00,1.00
2014.10.10 19:14:45.391,1.73063,1.73074,1.00,1.19
2014.10.10 19:14:45.798,1.73063,1.73076,1.00,1.50
2014.10.10 19:14:51.602,1.73063,1.73076,1.00,1.69
2014.10.10 19:14:52.650,1.73065,1.73076,1.00,1.00
2014.10.10 19:14:52.954,1.73067,1.73076,1.00,1.00
2014.10.10 19:14:53.005,1.73067,1.73079,1.00,1.25
2014.10.10 19:14:54.016,1.73067,1.7308,1.00,1.00
2014.10.10 19:14:59.187,1.73065,1.7308,1.50,1.25
2014.10.10 19:14:59.441,1.73065,1.7308,1.50,1.69
2014.10.10 19:14:59.958,1.73064,1.73077,1.00,1.00
2014.10.10 19:15:00.825,1.73064,1.73076,1.00,1.00
2014.10.10 19:15:00.876,1.73061,1.73076,2.25,1.50
2014.10.10 19:15:01.973,1.73061,1.73074,1.50,1.37
2014.10.10 19:15:02.176,1.73053,1.73067,1.50,1.00
2014.10.10 19:15:02.538,1.73052,1.73065,1.00,1.00
2014.10.10 19:15:02.589,1.7305,1.73065,1.57,1.50
2014.10.10 19:15:03.838,1.7305,1.73064,1.57,1.00
2014.10.10 19:15:04.654,1.7305,1.73064,1.50,1.19
2014.10.10 19:15:05.515,1.7305,1.73062,1.00,1.00
2014.10.10 19:15:06.077,1.73049,1.73062,1.00,1.19
2014.10.10 19:15:06.692,1.73049,1.73062,1.00,1.00
2014.10.10 19:15:06.895,1.73051,1.73064,1.00,1.69
2014.10.10 19:15:07.401,1.73052,1.73064,1.00,1.19
2014.10.10 19:15:07.924,1.73052,1.73064,1.00,1.00
2014.10.10 19:15:08.183,1.73052,1.73066,1.50,1.25
2014.10.10 19:15:16.010,1.73053,1.73066,1.00,1.00
2014.10.10 19:15:16.521,1.73053,1.73068,1.50,1.69
2014.10.10 19:15:17.211,1.73053,1.73068,1.50,1.69
2014.10.10 19:15:18.937,1.73055,1.73068,1.00,1.00
2014.10.10 19:15:18.988,1.73055,1.7307,1.50,2.44
2014.10.10 19:15:20.000,1.73055,1.7307,1.50,2.44
2014.10.10 19:15:21.354,1.73058,1.7307,1.00,1.19
2014.10.10 19:15:21.658,1.7306,1.73071,1.00,1.19
2014.10.10 19:15:22.209,1.7306,1.73072,1.00,1.19
2014.10.10 19:15:23.191,1.7306,1.73072,1.00,1.69
2014.10.10 19:15:25.496,1.7306,1.73073,1.00,1.25
2014.10.10 19:15:26.094,1.7306,1.73072,1.00,1.00
2014.10.10 19:15:26.651,1.7306,1.73073,1.00,1.00
2014.10.10 19:15:27.968,1.7306,1.73072,1.00,1.00
2014.10.10 19:15:28.617,1.7306,1.73073,1.00,1.00
2014.10.10 19:15:30.510,1.7306,1.73072,1.00,1.00
2014.10.10 19:15:31.067,1.7306,1.73073,1.00,1.50
2014.10.10 19:15:32.373,1.7306,1.73072,1.00,1.00
2014.10.10 19:15:34.718,1.7306,1.73073,1.00,1.69
2014.10.10 19:15:35.277,1.7306,1.73072,1.00,1.00
2014.10.10 19:15:36.545,1.73058,1.73071,1.00,1.00
2014.10.10 19:15:36.647,1.73056,1.73071,1.00,1.00
2014.10.10 19:15:37.109,1.73056,1.73071,1.00,1.64
2014.10.10 19:15:37.161,1.73054,1.73069,2.25,1.87
2014.10.10 19:15:37.363,1.73053,1.73066,1.00,1.00
2014.10.10 19:15:38.526,1.73053,1.73065,1.00,1.00
2014.10.10 19:15:38.577,1.73051,1.73064,1.00,1.00
2014.10.10 19:15:48.284,1.73052,1.73064,1.00,1.00
2014.10.10 19:15:51.326,1.73052,1.73066,1.50,1.00
2014.10.10 19:15:57.216,1.73054,1.73067,1.00,1.00
2014.10.10 19:15:59.946,1.73057,1.73067,1.12,1.00
2014.10.10 19:16:00.048,1.7306,1.73072,1.00,1.00
2014.10.10 19:16:00.555,1.7306,1.73073,1.00,1.00
2014.10.10 19:16:01.071,1.73057,1.73072,1.50,1.50
2014.10.10 19:16:02.128,1.73057,1.73072,1.50,1.69
2014.10.10 19:16:02.962,1.73057,1.7307,1.00,1.00
2014.10.10 19:16:03.578,1.73056,1.7307,1.00,1.00
2014.10.10 19:16:07.615,1.73057,1.7307,1.00,1.00
2014.10.10 19:16:07.667,1.73057,1.73072,1.57,1.50
2014.10.10 19:16:07.970,1.7306,1.73073,1.00,1.00
2014.10.10 19:16:09.286,1.73062,1.73076,1.00,1.10
2014.10.10 19:16:09.489,1.73063,1.73078,1.07,1.00
2014.10.10 19:16:09.590,1.73065,1.7308,1.57,1.50
2014.10.10 19:16:18.899,1.73065,1.73079,1.10,1.19
2014.10.10 19:16:19.202,1.73062,1.73074,1.00,1.00
2014.10.10 19:16:20.562,1.73063,1.73076,1.00,1.69
2014.10.10 19:16:20.715,1.73065,1.73078,1.00,1.69
2014.10.10 19:16:21.786,1.73065,1.73078,1.00,1.00
2014.10.10 19:16:22.292,1.73063,1.73076,1.57,1.00
2014.10.10 19:16:22.596,1.73061,1.73074,1.00,1.00
2014.10.10 19:16:35.005,1.73058,1.73073,1.50,1.00
2014.10.10 19:16:37.831,1.73058,1.73072,1.50,1.00
2014.10.10 19:16:38.338,1.73058,1.73071,1.00,1.50
2014.10.10 19:16:38.653,1.73056,1.73071,1.50,1.50
2014.10.10 19:16:39.498,1.73056,1.73069,1.00,1.00
2014.10.10 19:16:40.008,1.73055,1.73068,1.50,1.50
2014.10.10 19:16:40.211,1.73052,1.73067,1.50,1.50
2014.10.10 19:16:43.947,1.7305,1.73058,1.20,1.00
2014.10.10 19:16:44.049,1.73046,1.73057,1.00,1.50
2014.10.10 19:16:44.150,1.73044,1.73054,1.00,1.00
2014.10.10 19:16:44.302,1.73041,1.73053,1.00,1.50
2014.10.10 19:16:44.353,1.73041,1.7305,1.00,1.00
2014.10.10 19:16:44.505,1.73038,1.7305,1.00,1.00
2014.10.10 19:16:44.759,1.73034,1.73042,1.15,1.00
2014.10.10 19:16:44.861,1.73029,1.7304,1.00,1.00
2014.10.10 19:16:45.266,1.73029,1.73042,1.00,1.50
2014.10.10 19:16:45.368,1.73028,1.73045,2.25,1.00
2014.10.10 19:16:45.924,1.73028,1.73044,1.00,1.00
2014.10.10 19:16:45.975,1.73028,1.73042,1.00,1.00
2014.10.10 19:16:46.026,1.73024,1.73042,1.50,1.01
2014.10.10 19:16:46.229,1.73024,1.7304,1.00,1.00
2014.10.10 19:16:46.279,1.73021,1.7304,1.17,1.50
2014.10.10 19:16:46.686,1.73019,1.73039,1.65,1.37
2014.10.10 19:16:46.991,1.73018,1.73036,1.00,1.46
2014.10.10 19:16:47.346,1.7302,1.73038,1.00,1.25
2014.10.10 19:16:47.751,1.7302,1.73037,1.00,1.17
2014.10.10 19:16:47.802,1.73017,1.73036,1.50,1.07
2014.10.10 19:16:47.852,1.73017,1.73032,1.00,1.00
2014.10.10 19:16:47.955,1.73017,1.73036,1.00,1.07
2014.10.10 19:16:48.460,1.73018,1.73037,1.50,1.17
2014.10.10 19:16:49.770,1.73018,1.73031,1.00,1.00
2014.10.10 19:16:52.456,1.73018,1.73031,1.00,1.69
2014.10.10 19:16:52.507,1.73015,1.7303,1.00,1.25
2014.10.10 19:16:52.558,1.73015,1.73028,1.00,1.00
2014.10.10 19:16:52.962,1.73014,1.73026,1.00,1.00
2014.10.10 19:16:53.013,1.73011,1.73026,1.50,1.50
2014.10.10 19:16:53.064,1.73011,1.73022,1.00,1.00
2014.10.10 19:16:53.115,1.73007,1.73022,1.50,1.50
2014.10.10 19:16:54.592,1.73007,1.7302,1.00,1.00
2014.10.10 19:16:54.694,1.73005,1.7302,1.00,1.00
2014.10.10 19:16:54.999,1.73003,1.73018,1.00,1.00
2014.10.10 19:16:55.607,1.73005,1.7302,1.50,1.69
2014.10.10 19:16:55.911,1.73013,1.73026,1.00,1.00
2014.10.10 19:16:57.790,1.73011,1.73024,1.10,1.12
2014.10.10 19:16:57.892,1.73008,1.73023,1.57,1.50
2014.10.10 19:17:02.905,1.73012,1.73023,1.00,1.50
2014.10.10 19:17:03.138,1.73008,1.73023,2.25,1.50
2014.10.10 19:17:03.429,1.73008,1.73019,1.50,1.00
2014.10.10 19:17:03.531,1.73006,1.73019,1.00,1.00
2014.10.10 19:17:03.632,1.73004,1.73017,1.00,1.00
2014.10.10 19:17:03.937,1.72988,1.72994,1.00,1.25
2014.10.10 19:17:03.988,1.72983,1.72992,1.75,1.25
2014.10.10 19:17:04.140,1.72981,1.72999,1.75,1.69
2014.10.10 19:17:04.191,1.72981,1.73,1.00,1.20
2014.10.10 19:17:04.242,1.72983,1.73001,1.00,1.65
2014.10.10 19:17:04.547,1.72991,1.73007,1.00,1.00
2014.10.10 19:17:04.598,1.72991,1.7301,1.00,1.25
2014.10.10 19:17:04.649,1.72993,1.73012,1.00,1.69
2014.10.10 19:17:04.700,1.72993,1.73012,1.00,1.00
2014.10.10 19:17:04.801,1.72994,1.73015,2.25,1.37
2014.10.10 19:17:04.953,1.72997,1.73017,1.17,1.00
2014.10.10 19:17:05.004,1.72997,1.73017,2.25,2.25
2014.10.10 19:17:05.512,1.73001,1.7302,1.00,2.44
2014.10.10 19:17:05.816,1.73,1.73018,1.50,1.25
2014.10.10 19:17:06.246,1.73001,1.7302,1.15,1.25
2014.10.10 19:17:09.209,1.73001,1.7302,1.15,1.19
2014.10.10 19:17:10.318,1.73001,1.7302,1.15,1.19
2014.10.10 19:17:11.356,1.73001,1.7302,1.15,1.19
2014.10.10 19:17:11.609,1.72998,1.73019,1.65,2.06
2014.10.10 19:17:11.660,1.72996,1.73015,1.50,1.50
2014.10.10 19:17:12.166,1.72996,1.73017,2.25,1.00
2014.10.10 19:17:12.318,1.72997,1.73017,1.50,1.00
2014.10.10 19:17:12.621,1.72997,1.73017,1.50,1.19
2014.10.10 19:17:13.351,1.72999,1.73018,1.27,1.00
2014.10.10 19:17:19.294,1.73,1.73021,2.02,2.44
2014.10.10 19:17:19.395,1.73001,1.73021,1.12,2.44
2014.10.10 19:17:22.184,1.73,1.73011,1.50,1.00
2014.10.10 19:17:22.286,1.72993,1.73006,1.50,1.00
2014.10.10 19:17:22.388,1.7299,1.73003,1.00,1.19
2014.10.10 19:17:22.439,1.72985,1.73003,1.15,1.19
2014.10.10 19:17:22.642,1.72983,1.73001,1.00,1.50
2014.10.10 19:17:22.846,1.7298,1.73001,2.02,1.50
2014.10.10 19:17:23.539,1.7298,1.73001,2.02,1.50
2014.10.10 19:17:24.045,1.72982,1.73001,1.15,1.50
2014.10.10 19:17:24.354,1.72984,1.73003,1.50,1.69
2014.10.10 19:17:25.369,1.72982,1.72999,1.75,1.19
2014.10.10 19:17:25.421,1.72979,1.72999,1.20,1.69
2014.10.10 19:17:25.471,1.72977,1.72996,1.75,1.19
2014.10.10 19:17:25.523,1.72977,1.72996,1.07,1.19
2014.10.10 19:17:25.827,1.72974,1.72995,1.57,1.76
2014.10.10 19:17:25.979,1.72974,1.72995,2.32,1.76
2014.10.10 19:17:26.485,1.72974,1.72995,3.00,1.69
2014.10.10 19:17:27.456,1.72982,1.72995,1.00,2.06
2014.10.10 19:17:27.662,1.72974,1.72995,1.65,2.06
2014.10.10 19:17:27.918,1.72978,1.72995,1.00,2.06
2014.10.10 19:17:28.222,1.72983,1.72997,1.00,1.50
2014.10.10 19:17:28.680,1.72979,1.72998,1.27,1.00
2014.10.10 19:17:29.087,1.72982,1.72998,1.00,1.10
2014.10.10 19:17:29.240,1.72978,1.72997,1.27,1.00
2014.10.10 19:17:29.701,1.72979,1.72998,1.27,1.00
2014.10.10 19:17:32.166,1.72982,1.72998,1.00,1.00
2014.10.10 19:17:32.485,1.72982,1.73,1.17,1.00
2014.10.10 19:17:33.277,1.72988,1.73,1.00,1.00
2014.10.10 19:17:33.378,1.72982,1.73,1.17,1.00
2014.10.10 19:17:33.903,1.72983,1.73002,1.15,1.25
2014.10.10 19:17:33.955,1.72983,1.73002,1.82,1.25
2014.10.10 19:17:34.512,1.72988,1.73002,1.00,1.25
2014.10.10 19:17:35.018,1.72988,1.73004,1.17,1.19
2014.10.10 19:17:35.324,1.72992,1.73011,2.25,1.69
2014.10.10 19:17:35.679,1.72992,1.73008,1.50,1.00
2014.10.10 19:17:35.731,1.7299,1.73008,1.20,1.00
2014.10.10 19:17:35.833,1.72989,1.73008,1.57,1.50
2014.10.10 19:17:35.884,1.72988,1.73006,2.02,1.00
2014.10.10 19:17:36.391,1.72987,1.73006,2.70,1.00
2014.10.10 19:17:36.846,1.72992,1.73006,1.00,1.25
2014.10.10 19:17:36.897,1.72987,1.73006,1.87,1.25
2014.10.10 19:17:37.425,1.72987,1.73005,1.37,1.00
2014.10.10 19:17:37.810,1.72993,1.73003,1.00,1.00
2014.10.10 19:17:37.913,1.72984,1.73004,1.20,1.20
2014.10.10 19:17:38.014,1.72987,1.73005,1.00,1.25
2014.10.10 19:17:38.319,1.72986,1.73005,1.50,1.25
2014.10.10 19:17:38.928,1.72987,1.73006,1.65,1.50
2014.10.10 19:17:39.926,1.72989,1.73006,1.50,1.00
2014.10.10 19:17:41.863,1.72993,1.73006,1.00,1.00
2014.10.10 19:17:41.965,1.72993,1.73008,1.00,1.25
2014.10.10 19:17:42.327,1.72992,1.73009,1.82,1.69
2014.10.10 19:17:42.530,1.72994,1.73013,1.50,1.50
2014.10.10 19:17:43.039,1.72994,1.73012,1.50,1.00
2014.10.10 19:17:43.321,1.72994,1.7301,1.50,1.00
2014.10.10 19:17:43.675,1.72994,1.73012,1.50,1.50
2014.10.10 19:17:43.726,1.72992,1.7301,1.50,1.25
2014.10.10 19:17:43.777,1.72992,1.7301,2.25,1.25
2014.10.10 19:17:45.044,1.72992,1.7301,2.25,1.19
2014.10.10 19:17:47.154,1.72993,1.7301,1.15,1.00
2014.10.10 19:17:51.961,1.72993,1.7301,1.15,1.19
2014.10.10 19:17:52.469,1.72989,1.73008,1.95,1.25
2014.10.10 19:17:52.672,1.7299,1.73008,1.50,1.25
2014.10.10 19:17:53.280,1.72993,1.7301,1.87,1.19
2014.10.10 19:17:53.844,1.72992,1.7301,1.95,1.19
2014.10.10 19:17:54.743,1.72993,1.7301,1.27,1.25
2014.10.10 19:17:57.124,1.72998,1.7301,1.00,1.25
2014.10.10 19:17:59.906,1.72993,1.7301,1.52,1.00
2014.10.10 19:18:00.159,1.72992,1.73006,2.32,1.00
2014.10.10 19:18:00.261,1.72992,1.73006,1.00,1.19
2014.10.10 19:18:00.312,1.72988,1.73006,1.57,1.19
2014.10.10 19:18:00.362,1.72988,1.73006,1.57,1.19
2014.10.10 19:18:01.259,1.72987,1.73004,2.40,1.00
2014.10.10 19:18:04.518,1.72987,1.73002,1.17,1.00
2014.10.10 19:18:04.569,1.72985,1.73001,1.00,1.00
2014.10.10 19:18:04.874,1.72985,1.73001,1.15,1.00
2014.10.10 19:18:05.076,1.72987,1.73003,1.10,1.00
2014.10.10 19:18:05.128,1.72991,1.73003,1.00,1.00
2014.10.10 19:18:05.179,1.72991,1.73006,1.00,2.06
2014.10.10 19:18:05.695,1.72991,1.73008,1.17,2.44
2014.10.10 19:18:06.509,1.72991,1.73008,1.00,1.69
2014.10.10 19:18:06.712,1.72987,1.73006,1.00,1.01
2014.10.10 19:18:07.227,1.72985,1.73006,1.57,1.01
2014.10.10 19:18:07.516,1.72985,1.73003,1.50,2.14
2014.10.10 19:18:07.669,1.72983,1.73,1.00,1.76
2014.10.10 19:18:07.721,1.72983,1.72992,1.00,1.00
2014.10.10 19:18:07.772,1.7298,1.72992,1.10,1.00
2014.10.10 19:18:07.823,1.72981,1.72997,1.00,1.00
2014.10.10 19:18:07.874,1.72981,1.72997,1.15,1.00
2014.10.10 19:18:07.926,1.72981,1.73,1.15,1.31
2014.10.10 19:18:08.079,1.72979,1.72994,2.02,1.00
2014.10.10 19:18:08.383,1.72982,1.72994,1.00,1.00
2014.10.10 19:18:08.536,1.72984,1.72997,1.00,1.00
2014.10.10 19:18:08.587,1.72986,1.72999,1.00,1.50
2014.10.10 19:18:08.841,1.72987,1.73002,2.32,1.50
2014.10.10 19:18:08.993,1.72987,1.73002,3.00,1.50
2014.10.10 19:18:09.298,1.72989,1.73004,1.65,1.50
2014.10.10 19:18:09.400,1.7299,1.73004,1.50,1.00
2014.10.10 19:18:09.909,1.72989,1.73004,1.57,1.00
2014.10.10 19:18:14.925,1.72992,1.73005,1.10,1.50
2014.10.10 19:18:15.229,1.72992,1.73005,1.15,1.00
2014.10.10 19:18:15.818,1.7299,1.73004,2.62,1.00
2014.10.10 19:18:16.224,1.72994,1.73007,1.10,1.50
2014.10.10 19:18:16.377,1.72994,1.73007,1.17,1.00
2014.10.10 19:18:16.580,1.72996,1.73009,1.17,1.00
2014.10.10 19:18:17.744,1.72995,1.7301,1.65,1.50
2014.10.10 19:18:18.767,1.72997,1.73011,1.57,1.00
2014.10.10 19:18:19.284,1.72995,1.7301,1.15,1.00
2014.10.10 19:18:20.614,1.72995,1.7301,2.25,1.12
2014.10.10 19:18:22.242,1.72997,1.73012,1.65,2.44
2014.10.10 19:18:22.396,1.73001,1.73012,1.00,1.50
2014.10.10 19:18:22.499,1.72998,1.73012,1.17,1.50
2014.10.10 19:18:24.647,1.72998,1.73008,1.17,1.00
2014.10.10 19:18:24.800,1.7299,1.73002,1.00,1.10
2014.10.10 19:18:25.105,1.7299,1.73005,1.50,1.69
2014.10.10 19:18:25.258,1.72993,1.73005,1.00,1.69
2014.10.10 19:18:27.767,1.72994,1.73005,1.00,1.00
2014.10.10 19:18:27.820,1.72994,1.73009,1.65,1.69
2014.10.10 19:18:27.871,1.72996,1.73009,1.00,1.00
2014.10.10 19:18:27.922,1.72996,1.73011,1.65,1.69
2014.10.10 19:18:28.378,1.73001,1.73014,1.00,1.69
2014.10.10 19:18:29.543,1.73002,1.73014,1.00,1.00
2014.10.10 19:18:29.797,1.73003,1.73016,1.00,1.00
2014.10.10 19:18:29.899,1.73005,1.73018,1.00,1.50
2014.10.10 19:18:31.080,1.73009,1.7302,1.00,1.00
2014.10.10 19:18:31.131,1.73009,1.73022,1.00,1.50
2014.10.10 19:18:31.284,1.73007,1.7302,1.17,1.00
2014.10.10 19:18:31.487,1.73008,1.73022,1.15,1.00
2014.10.10 19:18:31.539,1.73008,1.73022,1.57,1.50
2014.10.10 19:18:31.641,1.73011,1.73024,1.10,1.00
2014.10.10 19:18:31.793,1.73008,1.7302,1.57,1.00
2014.10.10 19:18:31.846,1.73008,1.7302,1.00,1.00
2014.10.10 19:18:32.049,1.73012,1.73019,1.00,1.00
2014.10.10 19:18:32.151,1.73006,1.73019,1.00,1.50
2014.10.10 19:18:32.507,1.73004,1.73019,1.50,1.50
2014.10.10 19:18:34.521,1.73007,1.73019,1.00,1.00
2014.10.10 19:18:34.724,1.73011,1.73024,1.00,1.00
2014.10.10 19:18:34.927,1.73009,1.73022,1.00,1.00
2014.10.10 19:18:35.231,1.73007,1.73019,1.00,1.00
2014.10.10 19:18:35.485,1.7301,1.73023,1.00,1.50
2014.10.10 19:18:35.536,1.73007,1.73019,1.00,1.00
2014.10.10 19:18:35.638,1.73009,1.73022,1.00,1.50
2014.10.10 19:18:35.689,1.73009,1.73024,1.50,1.50
2014.10.10 19:18:35.942,1.73009,1.73022,1.10,1.00
2014.10.10 19:18:36.246,1.73006,1.73019,1.00,1.00
2014.10.10 19:18:37.084,1.73006,1.73018,1.00,1.00
2014.10.10 19:18:37.135,1.73004,1.73017,1.50,1.00
2014.10.10 19:18:38.807,1.73005,1.73017,1.00,1.00
2014.10.10 19:18:38.858,1.73006,1.73019,1.00,1.00
2014.10.10 19:18:38.960,1.73008,1.73021,1.10,1.69
2014.10.10 19:18:39.466,1.73009,1.73024,1.50,1.00
2014.10.10 19:18:41.415,1.73011,1.73024,1.00,1.00
2014.10.10 19:18:41.466,1.73011,1.73026,1.57,1.69
2014.10.10 19:18:44.165,1.73011,1.73023,1.10,1.00
2014.10.10 19:18:45.384,1.73007,1.73019,1.00,1.00
2014.10.10 19:18:45.486,1.73009,1.73022,1.10,1.00
2014.10.10 19:18:45.588,1.73013,1.73025,1.10,1.00
2014.10.10 19:18:45.691,1.73015,1.73028,1.00,1.00
2014.10.10 19:18:45.895,1.73013,1.73026,1.20,1.00
2014.10.10 19:18:47.497,1.73012,1.73024,1.07,1.00
2014.10.10 19:18:47.801,1.73016,1.73029,1.00,1.25
2014.10.10 19:18:47.903,1.73019,1.73032,1.00,1.00
2014.10.10 19:18:48.208,1.73021,1.73034,1.10,1.00
2014.10.10 19:18:50.398,1.73023,1.73036,1.00,1.50
2014.10.10 19:18:54.841,1.73024,1.73036,1.00,1.00
2014.10.10 19:18:54.943,1.73024,1.73039,1.87,1.50
2014.10.10 19:18:55.044,1.73027,1.7304,1.00,1.00
2014.10.10 19:18:57.133,1.73026,1.73039,1.20,1.00
2014.10.10 19:18:57.285,1.73026,1.73041,1.50,1.69
2014.10.10 19:18:57.438,1.73026,1.73038,1.00,1.00
2014.10.10 19:18:58.045,1.73028,1.73041,1.00,1.25
2014.10.10 19:18:58.147,1.73028,1.73043,1.95,1.50
2014.10.10 19:18:58.198,1.73028,1.73043,2.70,1.50
2014.10.10 19:18:58.504,1.73033,1.73044,1.50,1.00
2014.10.10 19:18:59.213,1.73031,1.73044,1.57,1.25
2014.10.10 19:18:59.469,1.7303,1.73042,1.82,1.00
2014.10.10 19:18:59.571,1.73029,1.73042,1.57,1.00
2014.10.10 19:19:00.111,1.73029,1.73042,1.20,1.50
2014.10.10 19:19:00.163,1.73027,1.7304,1.15,1.00
2014.10.10 19:19:01.799,1.73027,1.7304,1.10,1.00
2014.10.10 19:19:02.361,1.73028,1.7304,1.00,1.00
2014.10.10 19:19:02.463,1.73029,1.73042,1.00,1.00
2014.10.10 19:19:02.514,1.73029,1.73042,2.25,1.00
2014.10.10 19:19:03.380,1.7303,1.73045,1.65,1.50
2014.10.10 19:19:04.856,1.73035,1.73045,1.00,1.00
2014.10.10 19:19:04.907,1.73035,1.73048,1.07,1.00
2014.10.10 19:19:05.160,1.73036,1.73051,1.57,1.50
2014.10.10 19:19:07.117,1.73038,1.73051,1.20,1.00
2014.10.10 19:19:07.680,1.73039,1.73052,1.00,1.00
2014.10.10 19:19:07.995,1.73042,1.73057,2.25,1.69
2014.10.10 19:19:08.502,1.73041,1.73055,1.07,1.00
2014.10.10 19:19:08.705,1.73038,1.73053,2.32,1.00
2014.10.10 19:19:09.415,1.73037,1.7305,1.00,1.00
2014.10.10 19:19:09.516,1.73035,1.73048,1.15,1.50
2014.10.10 19:19:09.618,1.73033,1.73046,1.00,1.00
2014.10.10 19:19:10.225,1.7303,1.73045,1.57,1.50
2014.10.10 19:19:10.326,1.73028,1.73043,3.07,1.50
2014.10.10 19:19:10.630,1.73027,1.7304,1.17,1.00
2014.10.10 19:19:11.200,1.73028,1.7304,1.07,1.00
2014.10.10 19:19:11.302,1.73029,1.73042,1.57,1.50
2014.10.10 19:19:12.703,1.73034,1.73044,1.00,1.00
2014.10.10 19:19:12.755,1.73034,1.73047,1.00,1.00
2014.10.10 19:19:12.807,1.73036,1.73048,1.50,1.00
2014.10.10 19:19:12.909,1.73038,1.7305,1.15,1.00
2014.10.10 19:19:12.960,1.73038,1.73051,1.82,1.00
2014.10.10 19:19:13.114,1.73033,1.73046,3.75,1.00
2014.10.10 19:19:13.316,1.73032,1.73044,1.57,1.00
2014.10.10 19:19:13.519,1.73033,1.73046,1.15,1.50
2014.10.10 19:19:14.076,1.73033,1.73045,1.15,1.00
2014.10.10 19:19:14.582,1.73031,1.73044,1.57,1.00
2014.10.10 19:19:14.633,1.7303,1.73042,1.65,1.00
2014.10.10 19:19:14.785,1.73029,1.73042,1.17,1.00
2014.10.10 19:19:15.297,1.73029,1.73042,1.10,1.00
2014.10.10 19:19:16.354,1.73027,1.73041,1.10,1.00
2014.10.10 19:19:17.887,1.73026,1.73041,1.00,1.00
2014.10.10 19:19:18.451,1.73026,1.73041,1.50,1.00
2014.10.10 19:19:19.725,1.73024,1.73039,3.75,1.00
2014.10.10 19:19:20.591,1.73027,1.7304,1.17,1.00
2014.10.10 19:19:23.697,1.73027,1.7304,1.10,1.50
2014.10.10 19:19:23.748,1.73025,1.73038,1.20,1.00
2014.10.10 19:19:24.051,1.73022,1.73037,1.65,1.00
2014.10.10 19:19:25.436,1.73025,1.73038,1.00,1.50
2014.10.10 19:19:27.245,1.73026,1.7304,1.00,1.00
2014.10.10 19:19:27.750,1.73026,1.73041,1.00,1.00
2014.10.10 19:19:28.717,1.73026,1.73041,1.07,1.00
2014.10.10 19:19:29.943,1.73029,1.73042,1.00,1.50
2014.10.10 19:19:30.095,1.7303,1.73044,1.10,1.25
2014.10.10 19:19:31.030,1.7303,1.73045,1.10,1.25
2014.10.10 19:19:31.081,1.73029,1.73042,1.17,1.00
2014.10.10 19:19:34.687,1.73027,1.7304,2.32,1.00
2014.10.10 19:19:34.788,1.73027,1.7304,1.20,1.00
2014.10.10 19:19:34.991,1.73024,1.73034,1.50,1.00
2014.10.10 19:19:35.093,1.73023,1.73034,1.00,1.00
2014.10.10 19:19:35.600,1.73022,1.73037,1.57,1.50
2014.10.10 19:19:37.627,1.73022,1.73035,1.10,1.00
2014.10.10 19:19:37.939,1.73019,1.73032,1.57,1.00
2014.10.10 19:19:38.041,1.73019,1.73032,1.00,1.00
2014.10.10 19:19:39.154,1.73019,1.73032,1.07,1.00
2014.10.10 19:19:39.690,1.73019,1.73032,1.15,1.00
2014.10.10 19:19:40.298,1.7302,1.73035,2.02,1.50
2014.10.10 19:19:40.399,1.73023,1.73035,1.00,1.00
2014.10.10 19:19:40.947,1.73023,1.73036,1.00,1.00
2014.10.10 19:19:41.250,1.73027,1.73037,1.00,1.00
2014.10.10 19:19:41.352,1.73027,1.73039,1.00,1.00
2014.10.10 19:19:41.504,1.73029,1.73039,1.00,1.00
2014.10.10 19:19:41.706,1.73029,1.73042,1.17,1.00
2014.10.10 19:19:41.910,1.73031,1.73044,1.00,1.00
2014.10.10 19:19:43.168,1.73033,1.73044,1.00,1.00
2014.10.10 19:19:43.272,1.73031,1.73044,1.00,1.00
2014.10.10 19:19:43.744,1.73033,1.73044,1.00,1.00
2014.10.10 19:19:44.796,1.73033,1.73045,1.00,1.00
2014.10.10 19:19:44.999,1.73035,1.73049,1.00,1.50
2014.10.10 19:19:46.029,1.73034,1.73045,1.00,1.00
2014.10.10 19:19:46.131,1.73034,1.73047,1.00,1.50
2014.10.10 19:19:47.710,1.73036,1.73049,1.00,1.69
2014.10.10 19:19:48.015,1.73039,1.73052,1.00,1.01
2014.10.10 19:19:48.117,1.73044,1.73053,1.00,1.19
2014.10.10 19:19:48.169,1.73044,1.73054,1.00,1.00
2014.10.10 19:19:48.270,1.73045,1.73057,1.50,1.00
2014.10.10 19:19:48.422,1.73048,1.73057,1.00,1.00
2014.10.10 19:19:48.524,1.73048,1.73061,1.00,1.69
2014.10.10 19:19:48.832,1.73048,1.73061,1.00,1.69
2014.10.10 19:19:48.934,1.73043,1.73056,1.07,1.00
2014.10.10 19:19:49.440,1.73043,1.73056,1.00,1.10
2014.10.10 19:19:54.112,1.73044,1.73056,1.00,1.00
2014.10.10 19:19:54.163,1.73044,1.73059,1.50,1.65
2014.10.10 19:19:54.265,1.73048,1.73059,1.00,1.20
2014.10.10 19:19:54.316,1.73048,1.73062,1.00,1.00
2014.10.10 19:19:54.366,1.73053,1.73064,1.00,1.57
2014.10.10 19:19:54.468,1.73055,1.73067,1.00,1.10
2014.10.10 19:19:55.007,1.73055,1.73068,1.00,1.00
2014.10.10 19:19:58.176,1.73057,1.7307,1.00,1.10
2014.10.10 19:20:00.561,1.73057,1.73072,1.00,1.10
2014.10.10 19:20:01.727,1.73057,1.73072,1.00,1.95
2014.10.10 19:20:01.778,1.73055,1.7307,1.00,1.00
2014.10.10 19:20:07.425,1.73056,1.73073,1.50,1.76
2014.10.10 19:20:08.755,1.73056,1.73073,1.50,1.50
2014.10.10 19:20:08.907,1.73059,1.73073,1.00,1.00
2014.10.10 19:20:09.430,1.73059,1.73074,1.00,1.76
2014.10.10 19:20:10.395,1.73059,1.73074,1.00,1.76
2014.10.10 19:20:18.232,1.73059,1.73074,1.00,1.25
2014.10.10 19:20:21.564,1.73059,1.73069,1.00,1.00
2014.10.10 19:20:21.616,1.73056,1.73069,1.00,1.69
2014.10.10 19:20:21.667,1.73052,1.73069,2.25,1.69
2014.10.10 19:20:22.173,1.73053,1.73068,1.00,1.00
2014.10.10 19:20:22.729,1.73052,1.73068,2.25,1.00
2014.10.10 19:20:23.110,1.73056,1.73068,1.00,1.00
2014.10.10 19:20:23.262,1.73058,1.73075,1.50,3.45
2014.10.10 19:20:23.313,1.73061,1.73075,1.00,1.27
2014.10.10 19:20:23.617,1.73061,1.73076,1.00,1.00
2014.10.10 19:20:28.274,1.73061,1.73076,1.00,1.19
2014.10.10 19:20:29.040,1.73063,1.73078,1.00,1.69
2014.10.10 19:20:29.548,1.73063,1.73079,1.50,1.19
2014.10.10 19:20:31.584,1.73061,1.73076,1.10,1.39
2014.10.10 19:20:31.636,1.73059,1.73076,1.50,2.14
2014.10.10 19:20:31.738,1.73057,1.73074,1.10,1.00
2014.10.10 19:20:31.789,1.73057,1.73074,1.10,1.69
2014.10.10 19:20:32.284,1.73059,1.73074,1.00,1.19
2014.10.10 19:20:32.589,1.73063,1.73074,1.50,1.19
2014.10.10 19:20:32.792,1.73063,1.73078,1.50,1.19
2014.10.10 19:20:34.059,1.73063,1.73079,1.50,1.19
2014.10.10 19:20:34.905,1.7306,1.73077,1.07,1.19
2014.10.10 19:20:35.108,1.7306,1.73076,1.00,1.19
2014.10.10 19:20:35.634,1.73059,1.73074,1.00,1.19
2014.10.10 19:20:36.194,1.73059,1.73074,1.00,1.19
2014.10.10 19:20:37.159,1.73062,1.73075,1.00,1.69
2014.10.10 19:20:37.676,1.73062,1.73075,1.00,1.19
2014.10.10 19:20:37.879,1.7306,1.73075,1.00,1.19
2014.10.10 19:20:38.794,1.7306,1.73075,1.00,1.00
2014.10.10 19:20:41.073,1.73058,1.73072,1.50,1.00
2014.10.10 19:20:41.377,1.73058,1.73068,1.00,1.00
2014.10.10 19:20:41.428,1.73053,1.73068,1.50,1.00
2014.10.10 19:20:41.479,1.73053,1.73068,1.50,1.15
2014.10.10 19:20:41.782,1.73053,1.73066,1.00,1.65
2014.10.10 19:20:41.884,1.73051,1.73066,1.00,1.65
2014.10.10 19:20:42.122,1.73053,1.73066,1.00,1.65
2014.10.10 19:20:42.224,1.73051,1.73066,1.00,1.65
2014.10.10 19:20:42.973,1.73051,1.73063,1.00,1.00
2014.10.10 19:20:43.535,1.73053,1.73063,1.00,1.00
2014.10.10 19:20:44.043,1.73052,1.73063,1.00,1.00
2014.10.10 19:20:45.702,1.73057,1.73063,1.00,1.00
2014.10.10 19:20:45.854,1.73053,1.73063,1.00,1.00
2014.10.10 19:20:45.955,1.73051,1.73063,1.00,1.00
2014.10.10 19:20:46.183,1.73053,1.73063,1.00,1.00
2014.10.10 19:20:46.472,1.73051,1.73063,1.00,1.00
2014.10.10 19:20:47.086,1.73052,1.73063,1.00,1.00
2014.10.10 19:20:47.680,1.73051,1.73063,1.50,1.00
2014.10.10 19:20:47.832,1.73053,1.73063,1.00,1.00
2014.10.10 19:20:48.338,1.73052,1.73063,1.00,1.00
2014.10.10 19:20:50.449,1.73052,1.73066,1.37,1.15
2014.10.10 19:20:50.601,1.73058,1.73072,1.00,1.10
2014.10.10 19:20:50.703,1.7306,1.73073,1.00,1.17
2014.10.10 19:20:51.008,1.73062,1.73075,1.00,1.10
2014.10.10 19:20:51.511,1.73062,1.73074,1.00,1.00
2014.10.10 19:20:53.231,1.7306,1.73074,1.00,1.00
2014.10.10 19:20:53.332,1.73063,1.73074,1.00,1.00
2014.10.10 19:20:53.838,1.73062,1.73074,1.00,1.00
2014.10.10 19:20:54.365,1.73059,1.73074,1.37,1.00
2014.10.10 19:20:54.417,1.73059,1.73074,1.00,1.00
2014.10.10 19:20:55.586,1.73059,1.73076,1.00,1.65
2014.10.10 19:20:56.102,1.73059,1.73076,1.00,1.50
2014.10.10 19:20:56.153,1.73059,1.73074,1.00,1.00
2014.10.10 19:20:56.732,1.73059,1.73075,1.00,1.00
2014.10.10 19:20:58.523,1.73062,1.73075,1.00,1.00
2014.10.10 19:20:58.575,1.73062,1.73077,1.00,2.25
2014.10.10 19:20:59.082,1.73063,1.73077,1.00,1.50
2014.10.10 19:20:59.236,1.73067,1.73077,1.00,1.00
2014.10.10 19:20:59.337,1.73067,1.7308,1.00,1.00
2014.10.10 19:21:00.774,1.73068,1.73082,1.00,1.00
2014.10.10 19:21:03.120,1.73067,1.73082,1.00,1.00
2014.10.10 19:21:03.879,1.73068,1.73083,1.00,1.00
2014.10.10 19:21:05.967,1.7307,1.73086,1.00,1.25
2014.10.10 19:21:09.292,1.73069,1.73084,1.50,1.00
2014.10.10 19:21:09.596,1.73067,1.73082,1.00,1.00
2014.10.10 19:21:09.907,1.73069,1.73084,1.00,1.57
2014.10.10 19:21:13.873,1.7307,1.73084,1.50,1.00
2014.10.10 19:21:22.118,1.73069,1.73084,1.00,1.50
2014.10.10 19:21:24.577,1.73072,1.73084,1.00,1.50
2014.10.10 19:21:25.335,1.73069,1.73084,1.00,1.50
2014.10.10 19:21:33.285,1.73067,1.73082,1.50,1.00
2014.10.10 19:21:33.906,1.73065,1.7308,1.50,1.12
2014.10.10 19:21:34.210,1.73063,1.73078,1.00,1.00
2014.10.10 19:21:34.312,1.7306,1.73077,1.87,1.07
2014.10.10 19:21:34.835,1.7306,1.73075,1.00,1.00
2014.10.10 19:21:39.161,1.73063,1.73075,1.00,1.00
2014.10.10 19:21:39.311,1.7306,1.73075,1.00,1.00
2014.10.10 19:21:40.166,1.73062,1.73075,1.00,1.00
2014.10.10 19:21:41.584,1.7306,1.73075,1.00,1.00
2014.10.10 19:21:42.105,1.73059,1.73074,1.00,1.00
2014.10.10 19:21:42.631,1.73059,1.73073,1.00,1.10
2014.10.10 19:21:43.916,1.73058,1.73072,1.00,1.00
2014.10.10 19:21:44.427,1.73057,1.73072,1.00,1.00
2014.10.10 19:21:45.034,1.73054,1.73062,1.10,1.00
2014.10.10 19:21:45.136,1.73052,1.73062,1.00,1.00
2014.10.10 19:21:45.237,1.73045,1.7306,2.25,1.00
2014.10.10 19:21:45.339,1.73047,1.73062,1.75,1.20
2014.10.10 19:21:46.034,1.73047,1.73062,1.00,1.00
2014.10.10 19:21:46.673,1.73048,1.73062,1.00,1.00
2014.10.10 19:21:46.927,1.7305,1.73064,1.00,1.07
2014.10.10 19:21:47.079,1.7305,1.73067,1.00,1.00
2014.10.10 19:21:51.560,1.73049,1.73063,1.57,1.00
2014.10.10 19:21:51.870,1.73043,1.7306,3.00,2.40
2014.10.10 19:21:51.971,1.73043,1.73058,1.00,1.50
2014.10.10 19:21:52.174,1.73041,1.73057,1.50,1.00
2014.10.10 19:21:52.481,1.73043,1.73058,1.00,2.25
2014.10.10 19:21:53.256,1.73041,1.73058,1.50,2.25
2014.10.10 19:21:54.257,1.73042,1.73058,1.00,2.25
2014.10.10 19:21:54.788,1.73043,1.73058,1.00,2.25
2014.10.10 19:21:54.839,1.73043,1.73058,1.00,2.40
2014.10.10 19:21:55.702,1.73042,1.73058,1.00,2.40
2014.10.10 19:21:58.083,1.73043,1.73058,1.00,2.40
2014.10.10 19:21:58.619,1.73042,1.73058,1.00,2.40
2014.10.10 19:21:59.127,1.73041,1.73058,1.50,2.40
2014.10.10 19:22:00.653,1.73043,1.73058,1.00,2.40
2014.10.10 19:22:01.417,1.73041,1.73058,1.50,2.40
2014.10.10 19:22:03.140,1.73042,1.73058,1.00,2.40
2014.10.10 19:22:03.647,1.73043,1.73058,1.00,2.40
2014.10.10 19:22:04.461,1.73041,1.73058,1.50,2.40
2014.10.10 19:22:04.979,1.73042,1.73058,1.00,2.40
2014.10.10 19:22:06.912,1.73041,1.73058,1.50,2.40
2014.10.10 19:22:09.994,1.73043,1.73058,1.00,2.59
2014.10.10 19:22:11.960,1.73042,1.73057,1.00,1.07
2014.10.10 19:22:12.208,1.7304,1.73057,1.00,1.07
2014.10.10 19:22:21.411,1.73042,1.73057,1.00,1.17
2014.10.10 19:22:21.665,1.73049,1.73064,1.00,1.20
2014.10.10 19:22:21.918,1.7305,1.73067,1.00,1.32
2014.10.10 19:22:23.088,1.73053,1.73067,1.00,1.07
2014.10.10 19:22:23.190,1.7305,1.73067,1.00,1.07
2014.10.10 19:22:23.394,1.73052,1.73067,1.00,1.07
2014.10.10 19:22:23.913,1.73052,1.73067,1.00,1.00
2014.10.10 19:22:25.107,1.73053,1.73068,1.00,1.50
2014.10.10 19:22:31.825,1.73052,1.73067,1.00,1.00
2014.10.10 19:22:33.433,1.73051,1.73062,1.50,1.00
2014.10.10 19:22:33.535,1.73048,1.73062,1.00,1.00
2014.10.10 19:22:33.636,1.73045,1.73059,1.55,1.00
2014.10.10 19:22:33.991,1.73045,1.73059,1.00,1.00
2014.10.10 19:22:34.513,1.73044,1.73059,1.00,1.00
2014.10.10 19:22:40.178,1.73044,1.73057,1.00,1.00
2014.10.10 19:22:40.279,1.7304,1.73054,1.20,1.00
2014.10.10 19:22:40.381,1.7304,1.73056,1.12,1.00
2014.10.10 19:22:40.482,1.73039,1.73054,1.00,1.00
2014.10.10 19:22:46.956,1.73038,1.73053,1.50,1.00
2014.10.10 19:22:47.614,1.73038,1.73052,1.50,1.00
2014.10.10 19:22:48.239,1.73042,1.73052,1.00,1.00
2014.10.10 19:22:48.801,1.73038,1.73052,1.57,1.00
2014.10.10 19:22:48.903,1.7304,1.73055,1.50,1.00
2014.10.10 19:22:49.056,1.73043,1.73055,1.00,1.00
2014.10.10 19:22:49.107,1.73043,1.73057,1.00,1.00
2014.10.10 19:22:49.259,1.73044,1.7306,1.10,1.50
2014.10.10 19:22:49.310,1.73046,1.7306,1.00,1.00
2014.10.10 19:22:49.819,1.73046,1.73061,1.50,1.00
2014.10.10 19:22:50.123,1.73048,1.73061,1.00,1.00
2014.10.10 19:22:52.032,1.73048,1.73061,1.00,1.19
2014.10.10 19:22:52.335,1.7304,1.73055,1.50,1.00
2014.10.10 19:22:53.272,1.73039,1.73054,1.00,1.00
2014.10.10 19:22:53.917,1.73039,1.73056,2.25,2.25
2014.10.10 19:22:53.971,1.73041,1.73056,1.00,1.50
2014.10.10 19:22:54.022,1.73041,1.73058,2.25,1.69
2014.10.10 19:22:54.074,1.73043,1.73058,1.00,1.69
2014.10.10 19:22:54.580,1.73042,1.73058,1.10,1.69
2014.10.10 19:22:55.002,1.73044,1.73059,1.00,1.19
2014.10.10 19:22:55.509,1.73045,1.73059,1.00,1.00
2014.10.10 19:22:55.864,1.73047,1.73059,1.00,1.00
2014.10.10 19:22:55.965,1.73045,1.73059,1.00,1.00
2014.10.10 19:22:56.930,1.73048,1.73059,1.00,1.00
2014.10.10 19:22:58.163,1.73045,1.73059,1.00,1.00
2014.10.10 19:22:58.957,1.73048,1.73059,1.00,1.00
2014.10.10 19:22:59.363,1.73045,1.73059,1.00,1.00
2014.10.10 19:23:01.253,1.73048,1.73059,1.00,1.00
2014.10.10 19:23:01.561,1.73045,1.73058,1.00,1.00
2014.10.10 19:23:03.701,1.73045,1.73059,1.00,1.00
2014.10.10 19:23:03.752,1.73045,1.73061,1.00,1.00
2014.10.10 19:23:04.064,1.73044,1.73059,1.00,1.00
2014.10.10 19:23:04.904,1.73043,1.73058,2.25,1.00
2014.10.10 19:23:08.610,1.73047,1.73061,1.00,1.57
2014.10.10 19:23:08.712,1.73044,1.73061,2.25,1.57
2014.10.10 19:23:08.763,1.73044,1.73058,1.00,1.00
2014.10.10 19:23:09.268,1.73043,1.73058,1.00,1.10
2014.10.10 19:23:10.459,1.73046,1.73061,1.50,1.19
2014.10.10 19:23:10.713,1.73048,1.73065,1.87,2.25
2014.10.10 19:23:10.916,1.7305,1.73065,1.00,1.50
2014.10.10 19:23:11.270,1.73052,1.73067,1.50,1.00
2014.10.10 19:23:11.372,1.73052,1.73069,1.50,1.50
2014.10.10 19:23:11.473,1.73054,1.7307,1.50,1.00
2014.10.10 19:23:11.990,1.73054,1.73071,2.25,1.69
2014.10.10 19:23:24.062,1.73054,1.7307,1.50,1.00
2014.10.10 19:23:24.368,1.73047,1.7306,1.00,1.00
2014.10.10 19:23:24.419,1.73043,1.7306,1.50,1.50
2014.10.10 19:23:24.470,1.73043,1.73058,1.00,1.00
2014.10.10 19:23:25.083,1.73042,1.73058,1.00,1.69
2014.10.10 19:23:26.191,1.73041,1.73058,1.57,1.69
2014.10.10 19:23:29.563,1.73041,1.73053,1.10,1.00
2014.10.10 19:23:29.715,1.73038,1.73053,1.50,1.00
2014.10.10 19:23:30.230,1.73038,1.73052,1.00,1.00
2014.10.10 19:23:31.285,1.73036,1.73051,1.00,1.00
2014.10.10 19:23:34.279,1.73035,1.73047,1.00,1.00
2014.10.10 19:23:34.331,1.73032,1.73047,1.00,1.00
2014.10.10 19:23:34.585,1.73029,1.73046,2.25,1.50
2014.10.10 19:23:35.384,1.73029,1.73044,1.50,1.00
2014.10.10 19:23:35.890,1.73033,1.73044,1.00,2.25
2014.10.10 19:23:36.548,1.73027,1.73044,3.00,2.25
2014.10.10 19:23:37.738,1.73033,1.73044,1.00,2.25
2014.10.10 19:23:38.547,1.7303,1.73044,1.00,1.00
2014.10.10 19:23:38.649,1.73033,1.73047,1.00,1.00
2014.10.10 19:23:39.105,1.73038,1.73048,1.00,1.00
2014.10.10 19:23:39.308,1.7304,1.73054,1.00,1.17
2014.10.10 19:23:39.409,1.73042,1.73054,1.00,1.17
2014.10.10 19:23:39.511,1.73037,1.73054,3.00,2.40
2014.10.10 19:23:39.966,1.73039,1.73053,1.00,1.07
2014.10.10 19:23:40.509,1.7304,1.73055,1.00,1.76
2014.10.10 19:23:42.880,1.73039,1.73053,1.50,1.07
2014.10.10 19:23:43.134,1.73042,1.73057,1.00,1.50
2014.10.10 19:23:43.388,1.73043,1.73057,1.00,1.07
2014.10.10 19:23:43.540,1.73043,1.73057,1.00,1.00
2014.10.10 19:23:44.479,1.73047,1.73057,1.00,1.00
2014.10.10 19:23:44.938,1.73043,1.73057,1.50,1.10
2014.10.10 19:23:46.439,1.73045,1.73058,1.00,1.00
2014.10.10 19:23:46.945,1.73044,1.73059,1.00,1.50
2014.10.10 19:23:47.351,1.73042,1.73057,2.25,1.00
2014.10.10 19:23:49.215,1.73042,1.73057,1.00,1.57
2014.10.10 19:23:49.519,1.7304,1.73055,2.25,1.00
2014.10.10 19:23:50.510,1.73043,1.73055,1.00,1.00
2014.10.10 19:23:50.611,1.7304,1.73055,1.50,1.00
2014.10.10 19:23:50.876,1.73043,1.73055,1.00,1.00
2014.10.10 19:23:51.077,1.7304,1.73055,1.50,1.00
2014.10.10 19:23:51.279,1.73043,1.73055,1.00,1.00
2014.10.10 19:23:52.712,1.7304,1.73055,1.50,1.00
2014.10.10 19:23:53.309,1.7304,1.73049,1.50,1.00
2014.10.10 19:23:53.461,1.73034,1.73047,1.00,1.00
2014.10.10 19:23:53.714,1.73032,1.73047,1.50,1.10
2014.10.10 19:23:53.968,1.73034,1.73049,1.00,2.59
2014.10.10 19:23:54.502,1.73034,1.73049,1.00,1.69
2014.10.10 19:23:55.009,1.73034,1.73049,1.00,1.50
2014.10.10 19:23:55.723,1.73034,1.73049,1.87,1.00
2014.10.10 19:23:55.981,1.73034,1.73049,1.50,1.10
2014.10.10 19:23:56.134,1.73034,1.73047,1.00,1.00
2014.10.10 19:23:56.237,1.73031,1.73046,1.10,1.10
2014.10.10 19:23:56.440,1.73029,1.73044,1.50,1.00
2014.10.10 19:23:56.947,1.73033,1.73044,1.00,1.00
2014.10.10 19:23:57.049,1.73029,1.73044,1.50,1.00
2014.10.10 19:23:57.100,1.73031,1.73044,1.00,1.00
2014.10.10 19:23:57.151,1.73031,1.73047,1.00,1.84
2014.10.10 19:23:59.950,1.73032,1.73048,1.50,1.15
2014.10.10 19:24:00.188,1.73032,1.73048,1.50,1.00
2014.10.10 19:24:00.289,1.73034,1.73049,1.00,1.57
2014.10.10 19:24:02.703,1.73035,1.7305,1.00,1.07
2014.10.10 19:24:05.254,1.73038,1.7305,1.00,1.07
2014.10.10 19:24:05.355,1.73039,1.73051,1.00,1.10
2014.10.10 19:24:05.406,1.73037,1.73051,1.00,1.00
2014.10.10 19:24:05.508,1.73038,1.73053,1.00,1.00
2014.10.10 19:24:06.023,1.73038,1.73054,1.50,1.00
2014.10.10 19:24:07.299,1.73041,1.73054,1.00,1.00
2014.10.10 19:24:07.350,1.73041,1.73056,1.00,1.09
2014.10.10 19:24:07.552,1.73042,1.73056,1.00,1.76
2014.10.10 19:24:07.858,1.73039,1.73051,1.00,1.34
2014.10.10 19:24:08.366,1.73039,1.73053,1.00,1.97
2014.10.10 19:24:08.824,1.73037,1.73052,1.00,2.32
2014.10.10 19:24:09.231,1.73034,1.73047,1.00,1.10
2014.10.10 19:24:09.282,1.73034,1.73047,1.00,1.17
2014.10.10 19:24:09.485,1.73033,1.73047,1.00,1.50
2014.10.10 19:24:09.991,1.73034,1.73047,1.00,1.17
2014.10.10 19:24:10.503,1.73035,1.7305,1.00,2.44
2014.10.10 19:24:10.910,1.73037,1.7305,1.00,1.97
2014.10.10 19:24:11.803,1.73034,1.73041,1.00,1.00
2014.10.10 19:24:11.906,1.7303,1.73038,1.41,1.00
2014.10.10 19:24:11.957,1.73025,1.73037,1.00,1.00
2014.10.10 19:24:12.059,1.7302,1.73036,1.10,1.00
2014.10.10 19:24:12.161,1.73019,1.73033,1.17,1.00
2014.10.10 19:24:12.672,1.73019,1.73033,1.00,1.00
2014.10.10 19:24:12.926,1.73022,1.73037,1.00,1.50
2014.10.10 19:24:13.129,1.73024,1.73037,1.00,1.00
2014.10.10 19:24:13.383,1.73026,1.7304,1.00,1.00
2014.10.10 19:24:13.434,1.73028,1.7304,1.00,1.00
2014.10.10 19:24:13.485,1.73028,1.73042,1.00,1.00
2014.10.10 19:24:13.536,1.7303,1.73042,1.00,1.00
2014.10.10 19:24:13.587,1.7303,1.73045,1.00,1.07
2014.10.10 19:24:13.739,1.73032,1.73046,1.00,1.00
2014.10.10 19:24:14.266,1.73032,1.73047,1.00,1.84
2014.10.10 19:24:14.721,1.73034,1.73049,1.00,1.34
2014.10.10 19:24:15.024,1.73036,1.7305,1.00,2.44
2014.10.10 19:24:16.104,1.73036,1.73041,1.00,1.00
2014.10.10 19:24:16.155,1.73033,1.7304,1.00,1.50
2014.10.10 19:24:16.256,1.73027,1.73037,1.16,1.00
2014.10.10 19:24:16.307,1.73027,1.73037,1.00,1.00
2014.10.10 19:24:16.560,1.73022,1.73037,1.00,1.50
2014.10.10 19:24:17.173,1.73023,1.73037,1.00,1.50
2014.10.10 19:24:17.678,1.73022,1.73037,1.50,1.00
2014.10.10 19:24:18.609,1.73022,1.7303,2.25,1.00
2014.10.10 19:24:18.761,1.73015,1.73025,1.00,1.12
2014.10.10 19:24:18.913,1.73009,1.73024,1.00,1.50
2014.10.10 19:24:19.116,1.73012,1.73025,1.00,1.20
2014.10.10 19:24:19.218,1.7301,1.73025,1.00,1.00
2014.10.10 19:24:19.421,1.73013,1.73025,1.00,1.00
2014.10.10 19:24:19.472,1.73013,1.73027,1.00,1.00
2014.10.10 19:24:19.977,1.73012,1.73027,1.00,1.00
2014.10.10 19:24:20.534,1.73014,1.73029,1.00,2.40
2014.10.10 19:24:21.857,1.73011,1.73028,2.25,2.25
2014.10.10 19:24:21.959,1.73011,1.73025,2.25,1.00
2014.10.10 19:24:22.163,1.73011,1.73027,2.25,1.00
2014.10.10 19:24:25.471,1.7301,1.73025,1.00,1.00
2014.10.10 19:24:27.695,1.73012,1.73027,1.00,1.10
2014.10.10 19:24:28.879,1.73006,1.73021,1.50,1.17
2014.10.10 19:24:29.183,1.73004,1.73013,1.00,1.00
2014.10.10 19:24:29.234,1.73002,1.73013,1.00,1.00
2014.10.10 19:24:29.336,1.73002,1.73017,1.00,1.65
2014.10.10 19:24:29.507,1.73003,1.73013,1.00,1.00
2014.10.10 19:24:29.558,1.73001,1.73013,1.00,1.00
2014.10.10 19:24:29.660,1.72998,1.73013,1.50,1.00
2014.10.10 19:24:29.761,1.72998,1.73013,1.57,1.00
2014.10.10 19:24:30.115,1.73001,1.73016,1.07,1.50
2014.10.10 19:24:30.570,1.73001,1.73014,1.07,1.00
2014.10.10 19:24:31.081,1.72995,1.73009,1.27,1.50
2014.10.10 19:24:31.183,1.72995,1.73006,1.00,1.00
2014.10.10 19:24:31.234,1.72993,1.73006,1.00,1.00
2014.10.10 19:24:31.387,1.72991,1.73005,1.00,1.00
2014.10.10 19:24:31.539,1.72988,1.73005,2.77,2.25
2014.10.10 19:24:31.691,1.7299,1.73007,1.50,2.25
2014.10.10 19:24:32.096,1.72993,1.73008,1.00,1.10
2014.10.10 19:24:32.399,1.72995,1.7301,1.00,1.00
2014.10.10 19:24:33.519,1.72998,1.73012,1.50,1.00
2014.10.10 19:24:33.824,1.72997,1.73012,1.00,1.69
2014.10.10 19:24:34.077,1.72998,1.73015,1.50,2.44
2014.10.10 19:24:35.412,1.72998,1.73015,1.50,1.69
2014.10.10 19:24:35.513,1.73001,1.73016,1.00,1.76
2014.10.10 19:24:36.384,1.73001,1.73016,1.00,1.69
2014.10.10 19:24:36.687,1.72999,1.73013,1.00,1.00
2014.10.10 19:24:37.202,1.72999,1.73014,1.50,1.00
2014.10.10 19:24:37.513,1.73001,1.73016,1.00,1.84
2014.10.10 19:24:43.338,1.72999,1.73014,1.00,1.00
2014.10.10 19:24:44.224,1.73001,1.73016,1.00,1.84
2014.10.10 19:24:44.739,1.73001,1.73014,1.00,1.00
2014.10.10 19:24:49.524,1.73001,1.73016,1.00,1.69
2014.10.10 19:24:50.817,1.73001,1.73015,1.00,1.00
2014.10.10 19:24:54.108,1.73001,1.73016,1.00,1.00
2014.10.10 19:24:54.616,1.73002,1.73016,1.00,1.00
2014.10.10 19:24:54.667,1.73003,1.73018,1.00,1.00
2014.10.10 19:25:00.288,1.73004,1.73019,1.00,1.00
2014.10.10 19:25:01.350,1.73004,1.73013,1.00,1.37
2014.10.10 19:25:01.401,1.73,1.7301,1.10,1.00
2014.10.10 19:25:01.452,1.72997,1.7301,1.00,1.50
2014.10.10 19:25:01.605,1.72993,1.73008,1.50,1.00
2014.10.10 19:25:02.115,1.72991,1.73007,1.63,1.00
2014.10.10 19:25:02.889,1.72992,1.73009,1.91,2.81
2014.10.10 19:25:03.208,1.72994,1.73009,1.00,2.06
2014.10.10 19:25:03.512,1.72996,1.73011,1.00,1.69
2014.10.10 19:25:03.563,1.72996,1.73011,1.00,1.00
2014.10.10 19:25:04.382,1.72998,1.73013,1.00,1.25
2014.10.10 19:25:04.889,1.72999,1.73016,1.50,2.06
2014.10.10 19:25:05.401,1.72999,1.73016,1.50,1.50
2014.10.10 19:25:12.987,1.72999,1.73014,1.00,1.19
2014.10.10 19:25:13.089,1.72997,1.73014,1.00,1.36
2014.10.10 19:25:13.291,1.72997,1.73012,1.00,1.17
2014.10.10 19:25:14.320,1.72997,1.73012,1.00,1.36
2014.10.10 19:25:15.378,1.72997,1.73012,1.00,1.17
2014.10.10 19:25:23.258,1.72997,1.73012,1.00,2.25
2014.10.10 19:25:23.360,1.72993,1.73007,1.00,1.10
2014.10.10 19:25:23.958,1.72993,1.73007,1.00,1.34
2014.10.10 19:25:29.020,1.72993,1.73005,1.00,1.00
2014.10.10 19:25:29.071,1.72993,1.73003,1.00,1.00
2014.10.10 19:25:29.172,1.72989,1.73004,1.50,1.00
2014.10.10 19:25:29.527,1.72991,1.73004,1.10,1.00
2014.10.10 19:25:29.579,1.72991,1.73008,1.65,1.69
2014.10.10 19:25:30.136,1.72991,1.73008,1.65,1.69
2014.10.10 19:25:31.172,1.72991,1.73006,1.28,1.00
2014.10.10 19:25:32.871,1.72989,1.73006,2.48,1.50
2014.10.10 19:25:33.415,1.72989,1.73006,2.48,1.50
2014.10.10 19:25:33.726,1.72989,1.73006,2.25,1.50
2014.10.10 19:25:36.277,1.7299,1.73007,1.00,1.00
2014.10.10 19:25:40.331,1.7299,1.73007,1.00,1.50
2014.10.10 19:25:40.382,1.72986,1.73,1.00,1.00
2014.10.10 19:25:40.635,1.72984,1.73,1.00,1.25
2014.10.10 19:25:42.285,1.72983,1.73,1.00,1.25
2014.10.10 19:25:42.791,1.72983,1.73,1.00,1.29
2014.10.10 19:25:43.959,1.72983,1.73,1.00,1.01
2014.10.10 19:25:47.497,1.72982,1.72997,1.50,1.00
2014.10.10 19:25:47.802,1.72981,1.72994,1.00,1.00
2014.10.10 19:25:47.903,1.72977,1.72991,1.00,1.00
2014.10.10 19:25:48.207,1.72977,1.72994,2.25,1.50
2014.10.10 19:25:48.309,1.7298,1.72994,1.50,1.00
2014.10.10 19:25:48.562,1.72982,1.72998,1.00,1.50
2014.10.10 19:25:49.776,1.7298,1.72995,1.00,1.12
2014.10.10 19:25:50.079,1.72978,1.72993,1.00,1.00
2014.10.10 19:25:50.181,1.72976,1.72992,1.00,1.00
2014.10.10 19:25:50.686,1.72976,1.72989,1.00,1.00
2014.10.10 19:25:50.738,1.72974,1.72988,1.00,1.00
2014.10.10 19:25:51.106,1.72974,1.7299,1.00,1.50
2014.10.10 19:25:54.479,1.72974,1.72989,1.00,1.00
2014.10.10 19:25:54.530,1.72974,1.72985,1.00,1.00
2014.10.10 19:25:54.582,1.72971,1.72984,1.00,1.00
2014.10.10 19:25:54.683,1.72969,1.72983,1.10,1.00
2014.10.10 19:25:55.143,1.72969,1.72986,1.57,1.50
2014.10.10 19:25:56.540,1.72969,1.72986,1.50,2.32
2014.10.10 19:25:56.641,1.72969,1.72986,1.50,1.50
2014.10.10 19:25:57.667,1.72969,1.72986,1.50,1.87
2014.10.10 19:25:58.249,1.72969,1.72986,1.65,1.87
2014.10.10 19:25:58.351,1.72972,1.72987,1.00,1.37
2014.10.10 19:25:58.856,1.7297,1.72985,1.17,1.12
2014.10.10 19:26:02.855,1.7297,1.72985,1.00,1.00
2014.10.10 19:26:05.042,1.72968,1.72985,2.25,1.50
2014.10.10 19:26:08.117,1.72968,1.72985,2.40,1.50
2014.10.10 19:26:08.270,1.7297,1.72987,1.57,1.50
2014.10.10 19:26:24.917,1.7297,1.72987,1.65,2.25
2014.10.10 19:26:25.423,1.7297,1.72987,2.32,1.87
2014.10.10 19:26:27.282,1.7297,1.72987,1.50,2.25
2014.10.10 19:26:27.748,1.7297,1.72985,1.00,1.00
2014.10.10 19:26:28.209,1.72969,1.72982,1.57,1.00
2014.10.10 19:26:28.464,1.72969,1.72984,1.57,1.00
2014.10.10 19:26:28.670,1.72969,1.72982,1.57,1.00
2014.10.10 19:26:29.527,1.72969,1.72984,1.57,1.00
2014.10.10 19:26:29.884,1.72969,1.72982,1.57,1.00
2014.10.10 19:26:32.216,1.72969,1.72984,1.57,1.00
2014.10.10 19:26:32.472,1.72968,1.72982,1.10,1.00
2014.10.10 19:26:33.392,1.72968,1.7298,1.00,1.00
2014.10.10 19:26:33.646,1.72965,1.7298,1.50,1.00
2014.10.10 19:26:34.146,1.72965,1.72978,1.50,1.00
2014.10.10 19:26:34.399,1.72965,1.7298,1.50,1.00
2014.10.10 19:26:40.881,1.72965,1.72977,1.00,1.00
2014.10.10 19:26:41.033,1.7296,1.72975,1.00,1.00
2014.10.10 19:26:41.236,1.72961,1.72977,2.32,1.00
2014.10.10 19:26:41.747,1.72961,1.72978,2.32,1.50
2014.10.10 19:26:42.052,1.72964,1.72979,1.10,1.00
2014.10.10 19:26:42.711,1.72965,1.7298,1.00,1.00
2014.10.10 19:26:42.761,1.72965,1.72982,1.00,1.50
2014.10.10 19:26:44.331,1.72965,1.72982,1.17,1.00
2014.10.10 19:26:44.433,1.72968,1.72983,1.00,1.12
2014.10.10 19:26:44.737,1.72977,1.72992,1.12,1.00
2014.10.10 19:26:45.041,1.72979,1.72992,1.00,1.00
2014.10.10 19:26:46.309,1.72976,1.72991,1.00,1.00
2014.10.10 19:26:46.360,1.72976,1.72989,1.00,1.00
2014.10.10 19:26:46.512,1.72972,1.72986,1.00,1.00
2014.10.10 19:26:48.016,1.72972,1.72984,1.00,1.00
2014.10.10 19:26:48.068,1.72969,1.72984,1.15,1.00
2014.10.10 19:26:48.580,1.72969,1.72984,1.00,1.00
2014.10.10 19:26:49.933,1.72968,1.72983,1.00,1.00
2014.10.10 19:26:50.136,1.72966,1.72982,1.50,1.00
2014.10.10 19:26:50.645,1.72966,1.72983,1.50,1.50
2014.10.10 19:26:52.647,1.72968,1.72983,1.00,1.00
2014.10.10 19:26:52.799,1.72969,1.72985,1.00,2.06
2014.10.10 19:26:53.374,1.72969,1.72985,1.20,1.69
2014.10.10 19:26:54.382,1.72969,1.72985,1.20,1.50
2014.10.10 19:27:00.605,1.72971,1.72985,1.00,1.50
2014.10.10 19:27:01.288,1.72973,1.72988,1.07,1.25
2014.10.10 19:27:01.440,1.72975,1.72991,1.10,1.69
2014.10.10 19:27:04.197,1.72975,1.72989,1.10,1.00
2014.10.10 19:27:04.349,1.72973,1.72988,1.20,1.00
2014.10.10 19:27:04.602,1.72975,1.72989,1.00,1.00
2014.10.10 19:27:08.692,1.72973,1.72988,1.10,1.00
2014.10.10 19:27:15.934,1.72973,1.72987,1.00,1.00
2014.10.10 19:27:16.476,1.72972,1.72986,1.00,1.00
2014.10.10 19:27:17.105,1.72971,1.72986,1.00,1.00
2014.10.10 19:27:22.843,1.72974,1.72986,1.00,1.00
2014.10.10 19:27:23.147,1.72981,1.72996,2.70,1.00
2014.10.10 19:27:23.198,1.72983,1.72998,1.10,1.00
2014.10.10 19:27:23.393,1.72985,1.73001,1.00,1.00
2014.10.10 19:27:23.899,1.72988,1.73002,1.00,1.00
2014.10.10 19:27:24.405,1.72988,1.73003,1.00,1.50
2014.10.10 19:27:29.877,1.72988,1.73001,1.00,1.00
2014.10.10 19:27:29.979,1.72986,1.73001,1.50,1.00
2014.10.10 19:27:30.605,1.72986,1.72994,1.00,1.00
2014.10.10 19:27:30.707,1.72981,1.72992,1.07,1.00
2014.10.10 19:27:30.758,1.72981,1.72992,1.00,1.00
2014.10.10 19:27:31.265,1.72979,1.72992,1.17,1.00
2014.10.10 19:27:31.789,1.72979,1.72992,1.17,1.37
2014.10.10 19:27:32.294,1.72979,1.72992,1.17,1.00
2014.10.10 19:27:32.598,1.72979,1.72994,1.65,1.00
2014.10.10 19:27:32.902,1.72981,1.72996,1.10,2.25
2014.10.10 19:27:33.003,1.72981,1.72996,1.65,1.00
2014.10.10 19:27:33.105,1.72983,1.72999,1.10,1.00
2014.10.10 19:27:33.308,1.72983,1.72999,1.17,1.00
2014.10.10 19:27:33.847,1.72983,1.72999,1.57,1.00
2014.10.10 19:27:33.999,1.72984,1.73001,1.65,1.50
2014.10.10 19:27:34.517,1.72987,1.73002,1.20,1.50
2014.10.10 19:27:34.669,1.72989,1.73002,1.00,1.50
2014.10.10 19:27:35.559,1.72987,1.73002,1.65,1.37
2014.10.10 19:27:35.813,1.72983,1.72996,1.00,1.00
2014.10.10 19:27:36.016,1.72981,1.72996,1.00,1.00
2014.10.10 19:27:37.058,1.72981,1.72996,1.00,1.50
2014.10.10 19:27:37.211,1.72974,1.7299,1.07,1.00
2014.10.10 19:27:37.414,1.72978,1.72993,1.00,1.12
2014.10.10 19:27:37.717,1.7298,1.72995,1.10,1.00
2014.10.10 19:27:38.335,1.72982,1.72997,1.00,1.50
2014.10.10 19:27:38.436,1.72983,1.72999,1.00,1.87
2014.10.10 19:27:38.538,1.72985,1.73,1.00,1.00
2014.10.10 19:27:39.557,1.72985,1.73002,1.50,1.00
2014.10.10 19:27:42.504,1.72985,1.72998,1.57,1.00
2014.10.10 19:27:42.606,1.72982,1.72998,1.00,1.50
2014.10.10 19:27:42.758,1.72983,1.73,1.00,1.00
2014.10.10 19:27:43.126,1.72982,1.72998,1.50,1.00
2014.10.10 19:27:44.396,1.72984,1.72998,1.07,1.00
2014.10.10 19:27:44.528,1.72985,1.73001,1.10,1.12
2014.10.10 19:27:44.580,1.72986,1.73002,1.07,1.37
2014.10.10 19:27:44.631,1.72988,1.73003,1.00,1.50
2014.10.10 19:27:45.138,1.72989,1.73003,1.65,1.00
2014.10.10 19:27:45.333,1.72989,1.73005,1.65,1.00
2014.10.10 19:27:48.550,1.72991,1.73008,1.50,1.69
2014.10.10 19:27:59.787,1.72996,1.73008,1.00,1.00
2014.10.10 19:27:59.889,1.72998,1.73011,1.00,1.00
2014.10.10 19:27:59.990,1.72997,1.73014,2.25,2.32
2014.10.10 19:28:00.244,1.72998,1.73012,1.00,1.00
2014.10.10 19:28:00.598,1.73,1.73015,1.50,1.00
2014.10.10 19:28:00.699,1.73002,1.73016,1.00,1.00
2014.10.10 19:28:01.104,1.73004,1.73017,1.00,1.00
2014.10.10 19:28:01.866,1.73004,1.73013,1.00,1.00
2014.10.10 19:28:01.967,1.73,1.73013,1.00,1.00
2014.10.10 19:28:02.170,1.73,1.73015,1.00,1.00
2014.10.10 19:28:02.689,1.73002,1.73015,1.00,1.00
2014.10.10 19:28:02.891,1.73002,1.73018,1.00,1.50
2014.10.10 19:28:03.916,1.73001,1.73018,1.50,1.50
2014.10.10 19:28:04.882,1.73,1.73015,1.10,1.00
2014.10.10 19:28:05.190,1.73003,1.73018,1.00,1.50
2014.10.10 19:28:05.241,1.73001,1.73018,1.87,1.50
2014.10.10 19:28:05.703,1.73001,1.73016,1.00,1.00
2014.10.10 19:28:05.805,1.72999,1.73016,1.69,1.00
2014.10.10 19:28:06.374,1.72999,1.73015,1.00,1.00
2014.10.10 19:28:06.475,1.72999,1.73013,1.00,1.00
2014.10.10 19:28:08.589,1.72998,1.73013,1.00,1.00
2014.10.10 19:28:11.886,1.73004,1.73017,1.00,1.37
2014.10.10 19:28:11.988,1.73002,1.73019,2.32,1.57
2014.10.10 19:28:12.191,1.73004,1.7302,1.50,1.00
2014.10.10 19:28:12.293,1.73002,1.73017,2.40,1.00
2014.10.10 19:28:12.648,1.73003,1.73019,1.00,1.00
2014.10.10 19:28:12.699,1.73003,1.73016,1.00,1.00
2014.10.10 19:28:12.801,1.73003,1.7302,1.50,1.50
2014.10.10 19:28:12.903,1.73002,1.73018,1.69,1.50
2014.10.10 19:28:13.409,1.73001,1.73018,1.65,1.50
2014.10.10 19:28:14.119,1.73001,1.73015,1.20,1.00
2014.10.10 19:28:14.636,1.73,1.73015,1.00,1.00
2014.10.10 19:28:14.939,1.72998,1.73012,1.00,1.50
2014.10.10 19:28:16.284,1.72998,1.7301,1.00,1.00
2014.10.10 19:28:16.385,1.72994,1.73009,1.50,1.00
2014.10.10 19:28:20.350,1.72995,1.73012,1.00,1.00
2014.10.10 19:28:21.405,1.72995,1.73009,1.00,1.00
2014.10.10 19:28:21.924,1.72994,1.73009,1.00,1.50
2014.10.10 19:28:23.359,1.72994,1.73009,1.00,1.87
2014.10.10 19:28:23.511,1.72989,1.73004,2.62,1.00
2014.10.10 19:28:23.663,1.72993,1.73007,1.00,1.50
2014.10.10 19:28:23.968,1.72989,1.73003,1.00,1.57
2014.10.10 19:28:24.373,1.72991,1.73006,1.00,1.12
2014.10.10 19:28:25.183,1.72992,1.73006,1.00,1.00
2014.10.10 19:28:25.875,1.72992,1.73004,1.00,1.00
2014.10.10 19:28:26.287,1.7299,1.73004,1.00,1.00
2014.10.10 19:28:29.978,1.7299,1.73007,1.50,1.87
2014.10.10 19:28:30.080,1.72991,1.73005,1.10,1.00
2014.10.10 19:28:30.435,1.72992,1.73007,1.50,1.00
2014.10.10 19:28:30.689,1.72992,1.73003,1.00,1.00
2014.10.10 19:28:30.791,1.72992,1.73007,1.00,2.32
2014.10.10 19:28:31.196,1.72992,1.73004,1.00,1.00
2014.10.10 19:28:31.247,1.7299,1.73004,1.00,1.00
2014.10.10 19:28:31.449,1.72991,1.73006,1.00,1.00
2014.10.10 19:28:33.067,1.72991,1.73005,1.00,1.00
2014.10.10 19:28:33.574,1.7299,1.73004,1.00,1.00
2014.10.10 19:28:36.711,1.72992,1.73004,1.00,1.00
2014.10.10 19:28:38.880,1.72992,1.73002,1.00,1.00
2014.10.10 19:28:38.931,1.72987,1.73001,1.00,1.00
2014.10.10 19:28:39.033,1.72984,1.72999,1.50,1.00
2014.10.10 19:28:39.236,1.72986,1.73001,1.00,1.00
2014.10.10 19:28:39.541,1.7299,1.73004,1.00,1.07
2014.10.10 19:28:39.592,1.72991,1.73005,1.00,1.00
2014.10.10 19:28:39.693,1.72993,1.73005,1.00,1.00
2014.10.10 19:28:39.744,1.72993,1.73007,1.00,1.00
2014.10.10 19:28:39.948,1.72993,1.7301,2.25,1.50
2014.10.10 19:28:40.266,1.72997,1.7301,1.00,1.50
2014.10.10 19:28:41.214,1.72997,1.73008,1.00,1.00
2014.10.10 19:28:41.367,1.72987,1.73003,1.00,1.57
2014.10.10 19:28:41.417,1.72987,1.73,1.00,1.00
2014.10.10 19:28:41.469,1.72985,1.73,1.00,1.00
2014.10.10 19:28:42.038,1.72986,1.73002,1.50,1.00
2014.10.10 19:28:42.569,1.72984,1.73001,1.00,1.00
2014.10.10 19:28:44.228,1.72991,1.73005,1.00,1.26
2014.10.10 19:28:44.279,1.72991,1.73005,1.00,1.00
2014.10.10 19:28:44.786,1.72991,1.73006,1.50,1.00
2014.10.10 19:28:48.130,1.72991,1.73006,1.57,1.00
2014.10.10 19:28:48.282,1.72995,1.7301,1.17,1.50
2014.10.10 19:28:48.333,1.72996,1.7301,1.07,1.50
2014.10.10 19:28:48.384,1.72999,1.73012,1.20,1.00
2014.10.10 19:28:49.051,1.72999,1.73015,1.20,1.50
2014.10.10 19:28:49.152,1.73001,1.73016,1.00,1.50
2014.10.10 19:28:50.434,1.73001,1.73016,1.07,1.00
2014.10.10 19:28:50.484,1.73003,1.73018,1.10,1.00
2014.10.10 19:28:51.006,1.73004,1.73018,1.00,1.00
2014.10.10 19:28:56.821,1.73004,1.73018,1.00,1.37
2014.10.10 19:28:56.872,1.73004,1.73014,1.00,1.00
2014.10.10 19:28:56.974,1.72999,1.73011,1.00,1.50
2014.10.10 19:28:57.075,1.72997,1.73011,1.00,1.50
2014.10.10 19:28:57.705,1.72997,1.73008,1.00,1.50
2014.10.10 19:28:57.756,1.72994,1.73008,1.10,1.50
2014.10.10 19:28:57.808,1.72994,1.73006,1.00,1.50
2014.10.10 19:28:57.960,1.72991,1.73006,1.00,1.50
2014.10.10 19:28:59.006,1.72991,1.73008,1.50,1.69
2014.10.10 19:28:59.108,1.72993,1.73008,1.00,1.69
2014.10.10 19:29:00.362,1.72992,1.73008,1.00,1.50
2014.10.10 19:29:02.317,1.72993,1.73008,1.00,1.50
2014.10.10 19:29:02.824,1.72994,1.73008,1.00,1.00
2014.10.10 19:29:03.369,1.72993,1.73008,1.00,1.50
2014.10.10 19:29:03.422,1.72991,1.73008,1.50,1.50
2014.10.10 19:29:03.473,1.72991,1.73006,1.00,1.00
2014.10.10 19:29:03.930,1.72989,1.73006,1.00,1.00
2014.10.10 19:29:09.106,1.72988,1.73003,1.65,1.12
2014.10.10 19:29:09.410,1.72988,1.73001,1.00,1.00
2014.10.10 19:29:10.120,1.72986,1.73001,1.50,1.10
2014.10.10 19:29:21.951,1.72987,1.73002,1.00,1.00
2014.10.10 19:29:22.001,1.72989,1.73002,1.00,1.00
2014.10.10 19:29:22.815,1.72989,1.73004,1.50,1.50
2014.10.10 19:29:26.899,1.72989,1.73004,1.50,1.37
2014.10.10 19:29:27.358,1.72987,1.73002,1.50,1.00
2014.10.10 19:29:28.125,1.72987,1.73001,1.00,1.00
2014.10.10 19:29:28.226,1.72987,1.72996,1.00,1.00
2014.10.10 19:29:28.277,1.72984,1.72996,1.00,1.00
2014.10.10 19:29:28.429,1.72982,1.72996,1.00,1.00
2014.10.10 19:29:28.632,1.72982,1.72994,1.00,1.00
2014.10.10 19:29:28.683,1.72979,1.72994,1.00,1.00
2014.10.10 19:29:29.037,1.72978,1.72992,1.00,1.00
2014.10.10 19:29:29.571,1.72977,1.72992,1.50,1.00
2014.10.10 19:29:30.077,1.72978,1.72992,1.00,1.00
2014.10.10 19:29:30.609,1.72977,1.72992,1.50,1.00
2014.10.10 19:29:34.043,1.72977,1.72991,1.00,1.00
2014.10.10 19:29:34.554,1.72978,1.72991,1.00,1.00
2014.10.10 19:29:35.088,1.72977,1.72991,1.00,1.00
2014.10.10 19:29:36.079,1.72977,1.7299,1.00,1.50
2014.10.10 19:29:38.431,1.72977,1.72988,1.00,1.00
2014.10.10 19:29:38.583,1.72974,1.72988,1.00,1.50
2014.10.10 19:29:39.039,1.72977,1.72989,1.00,1.00
2014.10.10 19:29:39.292,1.72977,1.72992,1.50,1.87
2014.10.10 19:29:39.596,1.72982,1.72992,1.00,1.87
2014.10.10 19:29:39.698,1.72978,1.72992,1.00,1.87
2014.10.10 19:29:40.780,1.72978,1.72993,1.00,1.00
2014.10.10 19:29:42.266,1.72978,1.72993,1.07,1.00
2014.10.10 19:29:43.370,1.72978,1.72993,1.65,1.00
2014.10.10 19:29:43.891,1.72978,1.72993,1.57,1.00
2014.10.10 19:29:44.449,1.72979,1.72993,1.00,1.00
2014.10.10 19:29:44.990,1.72979,1.72994,1.50,1.00
2014.10.10 19:29:45.402,1.72985,1.72999,1.00,1.84
2014.10.10 19:29:45.554,1.72985,1.72999,1.00,1.00
2014.10.10 19:29:45.707,1.72987,1.73002,1.00,1.87
2014.10.10 19:29:46.056,1.72988,1.73002,1.00,1.50
2014.10.10 19:29:47.433,1.7299,1.73002,1.00,1.50
2014.10.10 19:29:47.636,1.72994,1.73009,1.50,1.00
2014.10.10 19:29:47.737,1.72994,1.73011,2.25,2.62
2014.10.10 19:29:47.889,1.72997,1.73011,1.00,1.87
2014.10.10 19:29:48.193,1.7299,1.73004,1.65,1.00
2014.10.10 19:29:48.346,1.72989,1.73004,1.00,1.00
2014.10.10 19:29:48.397,1.72989,1.73002,1.00,1.00
2014.10.10 19:29:50.796,1.72988,1.73002,1.00,1.00
2014.10.10 19:29:50.847,1.72986,1.73002,1.10,1.00
2014.10.10 19:29:51.257,1.72988,1.73002,1.00,1.00
2014.10.10 19:29:51.561,1.72997,1.73009,1.00,1.37
2014.10.10 19:29:51.870,1.72997,1.73012,1.00,1.50
2014.10.10 19:29:52.430,1.72998,1.73012,1.00,1.50
2014.10.10 19:29:52.582,1.72998,1.73015,1.50,2.32
2014.10.10 19:29:53.457,1.72999,1.73015,1.00,1.57
2014.10.10 19:29:53.991,1.73,1.73015,1.00,1.07
2014.10.10 19:29:54.508,1.73,1.73015,1.00,1.00
2014.10.10 19:29:54.660,1.73,1.73017,1.57,1.50
2014.10.10 19:29:54.965,1.73002,1.73017,1.00,1.50
2014.10.10 19:29:55.470,1.73001,1.73016,1.00,1.10
2014.10.10 19:29:57.555,1.73002,1.73016,1.00,1.10
2014.10.10 19:29:57.707,1.73006,1.73021,1.00,1.50
2014.10.10 19:29:58.061,1.73006,1.73019,1.00,1.00
2014.10.10 19:29:58.958,1.73004,1.73019,1.00,1.00
2014.10.10 19:30:00.535,1.73004,1.73019,1.00,1.15
2014.10.10 19:30:01.049,1.73003,1.73018,1.00,1.27
2014.10.10 19:30:02.128,1.73001,1.73018,1.00,2.02
2014.10.10 19:30:03.571,1.73001,1.73012,1.00,1.00
2014.10.10 19:30:03.673,1.72997,1.73012,1.50,1.87
2014.10.10 19:30:04.179,1.72998,1.73013,1.00,1.00
2014.10.10 19:30:10.705,1.72999,1.73014,1.50,1.37
2014.10.10 19:30:10.807,1.73001,1.73016,1.00,1.47
2014.10.10 19:30:11.673,1.73001,1.73016,1.00,1.12
2014.10.10 19:30:14.430,1.73003,1.73018,1.00,2.06
2014.10.10 19:30:14.936,1.73003,1.73018,1.00,1.50
2014.10.10 19:30:15.989,1.73003,1.73017,1.00,1.00
2014.10.10 19:30:16.504,1.73003,1.73018,1.00,1.50
2014.10.10 19:30:24.624,1.73007,1.73018,1.00,1.00
2014.10.10 19:30:24.778,1.73007,1.73021,1.37,1.00
2014.10.10 19:30:24.930,1.73003,1.73019,2.40,1.00
2014.10.10 19:30:25.234,1.73003,1.73019,1.50,1.00
2014.10.10 19:30:25.437,1.73002,1.73017,1.50,1.00
2014.10.10 19:30:38.114,1.73003,1.73018,1.00,1.00
2014.10.10 19:30:43.944,1.73002,1.73018,1.00,1.50
2014.10.10 19:30:44.456,1.73002,1.73017,1.00,1.00
2014.10.10 19:30:44.962,1.73002,1.73016,1.00,1.00
2014.10.10 19:30:45.172,1.73002,1.73018,1.00,1.50
2014.10.10 19:30:45.632,1.73002,1.73015,1.10,1.00
2014.10.10 19:30:45.937,1.72994,1.73007,1.00,1.50
2014.10.10 19:30:46.241,1.72991,1.73007,1.00,1.00
2014.10.10 19:30:46.292,1.72991,1.73007,1.00,1.50
2014.10.10 19:30:50.874,1.72989,1.73004,1.00,1.10
2014.10.10 19:30:52.286,1.72988,1.73003,1.50,1.00
2014.10.10 19:31:00.332,1.72988,1.73003,1.50,1.17
2014.10.10 19:31:02.402,1.72987,1.73,1.00,1.00
2014.10.10 19:31:02.611,1.72985,1.73,1.50,1.50
2014.10.10 19:31:03.286,1.72988,1.73,1.00,1.00
2014.10.10 19:31:03.539,1.72992,1.73008,1.50,1.00
2014.10.10 19:31:03.590,1.72995,1.73008,1.00,1.00
2014.10.10 19:31:03.642,1.72995,1.7301,1.00,1.00
2014.10.10 19:31:03.794,1.72997,1.73011,1.00,1.10
2014.10.10 19:31:04.305,1.72998,1.73012,1.00,1.00
2014.10.10 19:31:04.512,1.72999,1.73014,1.00,1.25
2014.10.10 19:31:07.350,1.73,1.73014,1.00,1.00
2014.10.10 19:31:18.473,1.73003,1.73014,1.00,1.00
2014.10.10 19:31:18.524,1.73003,1.73016,1.00,1.00
2014.10.10 19:31:19.032,1.73002,1.73017,1.00,1.50
2014.10.10 19:31:20.029,1.73003,1.73017,1.00,1.50
2014.10.10 19:31:20.899,1.73002,1.73017,1.00,1.50
2014.10.10 19:31:26.813,1.73003,1.73018,1.00,1.50
2014.10.10 19:31:26.965,1.73007,1.73018,1.00,1.00
2014.10.10 19:31:27.472,1.73007,1.73019,1.00,1.00
2014.10.10 19:31:27.953,1.73004,1.73019,1.00,1.00
2014.10.10 19:31:28.354,1.73008,1.73019,1.00,1.00
2014.10.10 19:31:30.930,1.73004,1.73019,1.00,1.00
2014.10.10 19:31:32.689,1.73004,1.73018,1.00,1.00
2014.10.10 19:31:32.740,1.73003,1.73016,1.00,1.00
2014.10.10 19:31:32.791,1.73,1.73014,1.00,1.00
2014.10.10 19:31:35.029,1.73,1.73007,1.00,1.00
2014.10.10 19:31:35.080,1.72998,1.73007,1.00,1.00
2014.10.10 19:31:35.232,1.72998,1.73005,1.00,1.00
2014.10.10 19:31:35.333,1.72993,1.73005,1.00,1.00
2014.10.10 19:31:35.855,1.72998,1.73005,1.00,1.00
2014.10.10 19:31:36.060,1.72992,1.73005,1.50,1.00
2014.10.10 19:31:37.262,1.72991,1.73005,1.00,1.00
2014.10.10 19:31:37.743,1.72993,1.73007,1.00,1.10
2014.10.10 19:31:38.052,1.72997,1.73007,1.00,1.00
2014.10.10 19:31:38.666,1.72998,1.73007,1.00,1.00
2014.10.10 19:31:39.144,1.72992,1.73007,1.50,1.00
2014.10.10 19:31:39.512,1.72998,1.73007,1.00,1.00
2014.10.10 19:31:40.148,1.72992,1.73007,1.50,1.00
2014.10.10 19:31:41.588,1.72993,1.73007,1.00,1.00
2014.10.10 19:31:43.551,1.7299,1.73007,2.40,1.50
