2007.12.07 08:00:00.120,2.24985,2.2503,4.00,0.40
2007.12.07 08:00:00.273,2.24985,2.25035,0.80,2.10
2007.12.07 08:00:01.117,2.24985,2.25035,0.80,2.10
2007.12.07 08:00:01.314,2.24985,2.25015,0.80,0.40
2007.12.07 08:00:01.512,2.24965,2.25015,7.30,0.70
2007.12.07 08:00:01.706,2.24965,2.25015,8.70,0.50
2007.12.07 08:00:01.898,2.24965,2.25025,7.90,2.00
2007.12.07 08:00:02.092,2.24965,2.2501,5.20,0.40
2007.12.07 08:00:02.287,2.24965,2.2501,5.20,0.40
2007.12.07 08:00:02.486,2.24965,2.25015,4.40,3.60
2007.12.07 08:00:02.673,2.24965,2.25015,3.20,3.60
2007.12.07 08:00:02.892,2.24955,2.25,4.40,1.20
2007.12.07 08:00:03.490,2.24955,2.24995,4.40,1.10
2007.12.07 08:00:03.636,2.24955,2.24995,3.20,1.10
2007.12.07 08:00:03.786,2.24955,2.24995,2.40,1.10
2007.12.07 08:00:03.935,2.24945,2.24985,8.40,0.40
2007.12.07 08:00:04.083,2.24945,2.24985,8.40,1.10
2007.12.07 08:00:04.364,2.24945,2.24985,5.20,2.10
2007.12.07 08:00:04.510,2.24945,2.24985,5.20,2.10
2007.12.07 08:00:04.862,2.24935,2.24985,4.40,1.10
2007.12.07 08:00:05.134,2.24935,2.24985,4.40,1.10
2007.12.07 08:00:05.367,2.24935,2.24985,2.00,2.10
2007.12.07 08:00:05.917,2.24935,2.24985,2.00,2.10
2007.12.07 08:00:05.939,2.2493,2.24985,3.10,2.10
2007.12.07 08:00:06.486,2.2493,2.24985,3.10,2.10
2007.12.07 08:00:07.526,2.24935,2.24985,0.80,2.10
2007.12.07 08:00:07.699,2.24925,2.24975,11.60,0.40
2007.12.07 08:00:07.958,2.24925,2.24975,0.50,1.90
2007.12.07 08:00:08.221,2.2492,2.24975,2.70,2.10
2007.12.07 08:00:08.664,2.2492,2.24975,2.70,2.10
2007.12.07 08:00:08.898,2.2492,2.24975,2.70,2.10
2007.12.07 08:00:08.953,2.2492,2.24985,4.30,7.70
2007.12.07 08:00:09.130,2.24925,2.24975,0.70,0.50
2007.12.07 08:00:09.363,2.24925,2.24975,0.80,0.90
2007.12.07 08:00:09.611,2.24915,2.24975,9.60,2.10
2007.12.07 08:00:09.845,2.24925,2.24955,0.80,0.40
2007.12.07 08:00:10.078,2.24905,2.24955,0.80,0.70
2007.12.07 08:00:10.311,2.249,2.24965,1.90,7.70
2007.12.07 08:00:11.098,2.24905,2.24955,0.80,0.60
2007.12.07 08:00:11.341,2.24895,2.24945,8.40,2.80
2007.12.07 08:00:11.584,2.24905,2.24935,0.50,0.70
2007.12.07 08:00:11.826,2.24885,2.24945,2.50,8.50
2007.12.07 08:00:12.010,2.24905,2.2493,0.50,0.40
2007.12.07 08:00:12.193,2.24905,2.2492,0.50,0.40
2007.12.07 08:00:12.376,2.24865,2.24925,9.10,2.80
2007.12.07 08:00:12.559,2.2486,2.24925,4.30,3.70
2007.12.07 08:00:12.742,2.2486,2.24925,3.50,7.60
2007.12.07 08:00:12.924,2.24855,2.24925,11.80,7.70
2007.12.07 08:00:13.197,2.2485,2.24915,10.70,2.10
2007.12.07 08:00:13.470,2.24855,2.24905,0.80,0.80
2007.12.07 08:00:13.743,2.24855,2.24895,0.80,0.40
2007.12.07 08:00:14.017,2.2487,2.24895,0.90,0.80
2007.12.07 08:00:14.225,2.2485,2.249,1.90,2.80
2007.12.07 08:00:14.480,2.2485,2.249,2.70,2.80
2007.12.07 08:00:14.688,2.2485,2.24905,5.10,1.20
2007.12.07 08:00:15.720,2.24855,2.2491,6.20,1.20
2007.12.07 08:00:16.009,2.2486,2.24905,0.80,0.80
2007.12.07 08:00:16.213,2.2486,2.24925,3.50,8.10
2007.12.07 08:00:16.414,2.2486,2.24925,3.50,8.10
2007.12.07 08:00:16.730,2.24855,2.24915,12.60,2.80
2007.12.07 08:00:17.223,2.24855,2.24915,12.60,2.80
2007.12.07 08:00:17.466,2.2486,2.2491,0.90,0.40
2007.12.07 08:00:17.708,2.2487,2.24915,0.80,0.90
2007.12.07 08:00:17.952,2.24875,2.2492,0.80,0.40
2007.12.07 08:00:18.209,2.2487,2.24925,1.90,2.90
2007.12.07 08:00:18.704,2.24875,2.24925,0.80,2.90
2007.12.07 08:00:18.934,2.24865,2.2491,6.40,0.40
2007.12.07 08:00:19.161,2.24865,2.2491,2.40,0.40
2007.12.07 08:00:19.576,2.2487,2.2492,1.10,1.20
2007.12.07 08:00:19.731,2.2487,2.2492,1.10,1.20
2007.12.07 08:00:19.879,2.2487,2.2492,1.10,1.20
2007.12.07 08:00:20.026,2.24875,2.24925,0.80,2.90
2007.12.07 08:00:20.554,2.24875,2.2492,0.80,2.80
2007.12.07 08:00:21.073,2.24875,2.2492,0.80,0.40
2007.12.07 08:00:21.745,2.24875,2.24925,0.80,2.90
2007.12.07 08:00:23.831,2.24875,2.24925,3.20,2.00
2007.12.07 08:00:24.238,2.24875,2.24925,3.20,2.00
2007.12.07 08:00:24.338,2.24875,2.2492,3.20,0.40
2007.12.07 08:00:24.646,2.24875,2.24925,0.80,2.90
2007.12.07 08:00:26.106,2.24875,2.2492,0.80,0.40
2007.12.07 08:00:27.029,2.24875,2.24925,0.80,2.90
2007.12.07 08:00:28.281,2.24875,2.24925,0.80,2.90
2007.12.07 08:00:28.660,2.24875,2.24925,0.80,2.90
2007.12.07 08:00:28.838,2.24875,2.24925,0.80,2.90
2007.12.07 08:00:29.016,2.24865,2.24915,2.40,1.20
2007.12.07 08:00:29.193,2.24865,2.249,2.40,0.40
2007.12.07 08:00:29.372,2.24865,2.24915,2.40,1.20
2007.12.07 08:00:29.566,2.24885,2.24905,0.80,2.00
2007.12.07 08:00:30.151,2.24885,2.24905,0.80,0.70
2007.12.07 08:00:30.325,2.24885,2.24905,0.80,0.70
2007.12.07 08:00:30.498,2.24885,2.24925,0.80,2.90
2007.12.07 08:00:30.672,2.24885,2.24925,0.80,2.90
2007.12.07 08:00:30.878,2.24885,2.24925,0.80,2.90
2007.12.07 08:00:32.118,2.24885,2.249,0.80,0.40
2007.12.07 08:00:32.342,2.24885,2.24905,0.80,2.00
2007.12.07 08:00:32.566,2.24885,2.249,0.80,0.40
2007.12.07 08:00:32.790,2.24885,2.24905,0.80,0.80
2007.12.07 08:00:33.013,2.24885,2.2491,0.80,1.20
2007.12.07 08:00:33.237,2.24885,2.2491,0.80,0.40
2007.12.07 08:00:33.418,2.24875,2.24915,1.60,2.80
2007.12.07 08:00:33.460,2.24885,2.2491,0.80,0.40
2007.12.07 08:00:33.750,2.24875,2.24915,1.60,1.20
2007.12.07 08:00:33.974,2.24875,2.2492,1.60,1.20
2007.12.07 08:00:34.227,2.24875,2.24925,1.60,2.90
2007.12.07 08:00:34.481,2.24885,2.2491,0.80,0.40
2007.12.07 08:00:34.735,2.24885,2.249,0.80,0.40
2007.12.07 08:00:34.989,2.24885,2.249,0.80,0.40
2007.12.07 08:00:35.191,2.24885,2.249,0.80,0.40
2007.12.07 08:00:35.394,2.24885,2.249,0.80,0.40
2007.12.07 08:00:36.516,2.24885,2.249,0.80,0.40
2007.12.07 08:00:36.884,2.24885,2.249,0.80,0.40
2007.12.07 08:00:39.308,2.24885,2.249,0.80,0.40
2007.12.07 08:00:39.640,2.24885,2.249,0.80,0.40
2007.12.07 08:00:40.518,2.24885,2.24895,0.80,0.40
2007.12.07 08:00:40.783,2.24885,2.24895,0.80,0.50
2007.12.07 08:00:41.056,2.24885,2.24895,0.80,0.60
2007.12.07 08:00:43.520,2.24885,2.2489,0.80,0.40
2007.12.07 08:00:43.639,2.24885,2.2489,0.80,0.40
2007.12.07 08:00:43.758,2.24835,2.24895,12.70,2.00
2007.12.07 08:00:43.875,2.24845,2.2489,0.90,0.40
2007.12.07 08:00:43.993,2.24845,2.2489,0.80,0.40
2007.12.07 08:00:45.404,2.24845,2.2489,0.50,0.40
2007.12.07 08:00:45.673,2.2484,2.249,5.40,2.00
2007.12.07 08:00:45.772,2.24845,2.24895,0.60,0.60
2007.12.07 08:00:45.870,2.24845,2.24895,0.60,0.60
2007.12.07 08:00:45.968,2.24845,2.249,0.70,0.40
2007.12.07 08:00:46.090,2.2485,2.2491,2.20,2.90
2007.12.07 08:00:46.214,2.24855,2.24905,0.70,0.70
2007.12.07 08:00:46.311,2.2485,2.2491,4.60,2.90
2007.12.07 08:00:46.651,2.24865,2.2491,0.80,0.40
2007.12.07 08:00:46.985,2.24865,2.2491,0.80,0.40
2007.12.07 08:00:47.318,2.24855,2.24915,11.50,2.90
2007.12.07 08:00:48.668,2.24855,2.24915,11.50,2.90
2007.12.07 08:00:48.822,2.24855,2.24905,0.60,0.80
2007.12.07 08:00:48.978,2.24855,2.24905,0.60,0.80
2007.12.07 08:00:49.137,2.2485,2.24915,1.90,6.90
2007.12.07 08:00:49.284,2.24855,2.24905,0.80,0.70
2007.12.07 08:00:49.436,2.2485,2.24925,2.70,16.10
2007.12.07 08:00:49.630,2.2485,2.2491,6.20,1.20
2007.12.07 08:00:49.824,2.24855,2.24915,7.50,2.90
2007.12.07 08:00:50.016,2.24855,2.24915,11.50,2.90
2007.12.07 08:00:50.328,2.24865,2.2491,0.80,0.40
2007.12.07 08:00:50.608,2.24865,2.2491,0.80,0.40
2007.12.07 08:00:50.813,2.24855,2.24915,8.00,2.90
2007.12.07 08:00:51.017,2.24855,2.24905,0.90,0.80
2007.12.07 08:00:51.705,2.2485,2.24915,5.10,2.80
2007.12.07 08:00:52.136,2.2485,2.24915,5.10,2.80
2007.12.07 08:00:52.249,2.2485,2.24915,5.10,5.20
2007.12.07 08:00:52.752,2.2485,2.24915,5.10,2.80
2007.12.07 08:00:52.876,2.24855,2.24905,0.90,0.60
2007.12.07 08:00:53.021,2.24855,2.24905,0.80,0.80
2007.12.07 08:00:54.209,2.2485,2.2491,6.20,1.20
2007.12.07 08:00:54.310,2.24855,2.24905,0.60,0.80
2007.12.07 08:00:54.413,2.2485,2.24915,9.80,2.90
2007.12.07 08:00:54.517,2.24855,2.2491,0.60,0.40
2007.12.07 08:00:54.619,2.24855,2.24925,13.80,6.90
2007.12.07 08:00:54.862,2.24865,2.24915,0.60,0.70
2007.12.07 08:00:55.040,2.24865,2.24925,6.20,2.90
2007.12.07 08:00:55.218,2.24875,2.24915,0.80,0.80
2007.12.07 08:00:55.397,2.24875,2.24925,0.90,0.40
2007.12.07 08:00:55.575,2.24875,2.24925,0.70,0.40
2007.12.07 08:00:55.753,2.2487,2.24925,1.90,2.80
2007.12.07 08:00:56.102,2.2487,2.24935,4.30,2.90
2007.12.07 08:00:56.980,2.24875,2.24935,0.70,0.60
2007.12.07 08:00:57.138,2.2487,2.2494,3.00,9.70
2007.12.07 08:00:57.296,2.24875,2.24925,0.90,0.80
2007.12.07 08:00:57.454,2.2487,2.2494,5.40,9.70
2007.12.07 08:00:57.887,2.24875,2.24935,0.70,0.70
2007.12.07 08:00:59.065,2.24875,2.24935,0.80,0.60
2007.12.07 08:00:59.247,2.2488,2.24935,0.90,0.90
2007.12.07 08:00:59.309,2.24875,2.2494,7.80,6.10
2007.12.07 08:00:59.382,2.24875,2.2495,11.80,21.70
2007.12.07 08:00:59.444,2.24875,2.24935,11.80,2.10
2007.12.07 08:00:59.508,2.24875,2.24935,11.80,2.10
2007.12.07 08:00:59.700,2.24875,2.24935,13.00,2.10
2007.12.07 08:01:01.378,2.2488,2.24925,0.50,0.80
2007.12.07 08:01:03.608,2.2489,2.24925,1.10,0.80
2007.12.07 08:01:03.751,2.2489,2.24935,1.10,2.10
2007.12.07 08:01:03.895,2.24895,2.24945,0.80,2.20
2007.12.07 08:01:04.038,2.24895,2.24945,0.80,0.50
2007.12.07 08:01:04.284,2.24895,2.2495,0.80,6.10
2007.12.07 08:01:05.191,2.24895,2.2495,0.80,8.50
2007.12.07 08:01:05.329,2.24895,2.24945,0.80,0.70
2007.12.07 08:01:05.701,2.24895,2.24945,0.80,0.80
2007.12.07 08:01:05.779,2.24895,2.2495,0.80,14.90
2007.12.07 08:01:05.857,2.24885,2.24925,2.40,0.60
2007.12.07 08:01:06.017,2.24875,2.24925,2.00,0.80
2007.12.07 08:01:06.103,2.24875,2.2493,3.10,6.10
2007.12.07 08:01:06.180,2.24875,2.2493,3.10,6.10
2007.12.07 08:01:06.258,2.24875,2.24925,3.10,0.90
2007.12.07 08:01:06.540,2.24875,2.24935,6.30,2.10
2007.12.07 08:01:06.943,2.24875,2.24935,6.30,2.10
2007.12.07 08:01:07.683,2.24875,2.24925,6.30,0.80
2007.12.07 08:01:09.935,2.24885,2.24935,1.10,2.10
2007.12.07 08:01:10.040,2.24885,2.24935,1.90,2.10
2007.12.07 08:01:10.141,2.24885,2.24925,1.90,0.80
2007.12.07 08:01:10.218,2.24885,2.24935,0.80,2.10
2007.12.07 08:01:10.296,2.24885,2.24935,0.80,2.10
2007.12.07 08:01:10.374,2.2488,2.2495,1.10,13.70
2007.12.07 08:01:10.488,2.2488,2.2494,1.10,6.10
2007.12.07 08:01:10.779,2.2488,2.2494,1.10,6.10
2007.12.07 08:01:11.602,2.2489,2.2494,1.10,6.10
2007.12.07 08:01:11.687,2.2489,2.24935,1.10,0.60
2007.12.07 08:01:11.831,2.2489,2.2495,1.10,6.10
2007.12.07 08:01:11.924,2.24895,2.2495,0.80,6.10
2007.12.07 08:01:12.326,2.24895,2.2495,0.80,6.10
2007.12.07 08:01:12.704,2.24895,2.2495,0.80,6.10
2007.12.07 08:01:14.946,2.24895,2.2495,0.80,6.10
2007.12.07 08:01:15.193,2.24895,2.2495,0.80,6.10
2007.12.07 08:01:15.291,2.24895,2.2495,0.80,16.50
2007.12.07 08:01:15.387,2.24895,2.24945,0.80,10.90
2007.12.07 08:01:15.570,2.24895,2.2494,0.80,6.40
2007.12.07 08:01:15.668,2.24875,2.2493,2.00,6.10
2007.12.07 08:01:16.222,2.24875,2.24925,2.00,0.90
2007.12.07 08:01:16.581,2.24875,2.2493,3.10,6.10
2007.12.07 08:01:16.914,2.24885,2.2493,1.10,5.60
2007.12.07 08:01:17.082,2.24885,2.2495,1.90,6.10
2007.12.07 08:01:17.251,2.24885,2.24945,4.30,0.70
2007.12.07 08:01:17.746,2.24885,2.24945,5.50,0.80
2007.12.07 08:01:18.164,2.24885,2.24945,5.50,0.60
2007.12.07 08:01:18.611,2.24885,2.2495,5.50,6.10
2007.12.07 08:01:18.890,2.24895,2.2496,1.10,8.90
2007.12.07 08:01:19.059,2.24895,2.24945,5.10,0.80
2007.12.07 08:01:21.654,2.24905,2.24945,1.10,0.80
2007.12.07 08:01:21.732,2.24905,2.24955,1.10,2.10
2007.12.07 08:01:21.811,2.24905,2.24965,4.30,6.10
2007.12.07 08:01:21.895,2.24905,2.2497,4.30,4.90
2007.12.07 08:01:21.992,2.24905,2.2497,4.30,3.30
2007.12.07 08:01:22.191,2.24905,2.2497,4.30,3.30
2007.12.07 08:01:22.378,2.24905,2.2497,1.90,3.30
2007.12.07 08:01:22.569,2.24905,2.2497,4.30,3.30
2007.12.07 08:01:23.456,2.24905,2.24965,8.30,0.80
2007.12.07 08:01:23.740,2.24905,2.2497,8.30,3.30
2007.12.07 08:01:24.702,2.24905,2.24965,8.30,0.70
2007.12.07 08:01:26.059,2.24905,2.24965,4.30,0.60
2007.12.07 08:01:26.778,2.24905,2.2497,4.30,3.30
2007.12.07 08:01:26.980,2.24905,2.24965,4.30,0.80
2007.12.07 08:01:27.184,2.24905,2.24965,4.30,6.10
2007.12.07 08:01:27.976,2.24905,2.24965,3.20,6.10
2007.12.07 08:01:28.166,2.24905,2.24955,2.40,0.80
2007.12.07 08:01:28.356,2.24905,2.24955,2.40,4.80
2007.12.07 08:01:28.599,2.24895,2.24955,5.10,2.10
2007.12.07 08:01:29.116,2.24895,2.24955,4.00,2.10
2007.12.07 08:01:29.359,2.24885,2.24945,5.50,0.90
2007.12.07 08:01:29.640,2.24885,2.24945,4.40,0.70
2007.12.07 08:01:29.798,2.24885,2.24945,4.40,0.80
2007.12.07 08:01:29.956,2.24895,2.2496,2.40,3.70
2007.12.07 08:01:30.113,2.24895,2.24955,2.40,0.80
2007.12.07 08:01:30.686,2.24895,2.2497,2.40,12.90
2007.12.07 08:01:30.859,2.24895,2.24955,2.40,8.50
2007.12.07 08:01:31.184,2.24885,2.2495,5.50,6.10
2007.12.07 08:01:31.206,2.24895,2.24945,1.10,0.50
2007.12.07 08:01:31.380,2.24895,2.2495,2.70,6.10
2007.12.07 08:01:31.627,2.24895,2.2496,2.70,6.10
2007.12.07 08:01:31.876,2.24895,2.24945,3.90,0.80
2007.12.07 08:01:32.124,2.24895,2.24955,6.30,2.10
2007.12.07 08:01:32.905,2.24895,2.24945,10.30,0.80
2007.12.07 08:01:33.176,2.24905,2.24945,1.10,0.80
2007.12.07 08:01:33.394,2.24905,2.24945,1.10,0.80
2007.12.07 08:01:33.576,2.24905,2.24955,1.90,0.70
2007.12.07 08:01:33.759,2.24905,2.2497,3.20,5.70
2007.12.07 08:01:33.943,2.24905,2.2497,3.20,8.10
2007.12.07 08:01:34.128,2.24895,2.24945,6.30,0.80
2007.12.07 08:01:34.612,2.24905,2.24945,1.10,0.80
2007.12.07 08:01:34.885,2.24905,2.24955,1.10,2.10
2007.12.07 08:01:35.159,2.24905,2.24965,3.20,0.50
2007.12.07 08:01:35.432,2.24905,2.2494,2.40,0.60
2007.12.07 08:01:35.705,2.24895,2.24935,2.40,1.60
2007.12.07 08:01:35.964,2.24885,2.24925,2.30,0.80
2007.12.07 08:01:36.222,2.24885,2.24925,2.30,0.80
2007.12.07 08:01:36.488,2.24885,2.24945,5.50,0.90
2007.12.07 08:01:36.696,2.24885,2.2495,5.50,6.10
2007.12.07 08:01:37.457,2.24885,2.2495,5.50,6.10
2007.12.07 08:01:37.640,2.24885,2.2494,5.50,0.80
2007.12.07 08:01:38.145,2.24895,2.24945,1.10,6.10
2007.12.07 08:01:38.284,2.24895,2.24945,1.10,6.10
2007.12.07 08:01:38.421,2.24895,2.2495,2.70,6.10
2007.12.07 08:01:38.559,2.24895,2.24945,5.10,0.80
2007.12.07 08:01:38.767,2.24895,2.2495,5.10,4.80
2007.12.07 08:01:40.015,2.24905,2.24945,2.40,0.80
2007.12.07 08:01:40.131,2.24905,2.24945,2.40,0.80
2007.12.07 08:01:40.244,2.2491,2.24945,1.10,0.80
2007.12.07 08:01:40.357,2.24925,2.24965,0.80,6.10
2007.12.07 08:01:40.470,2.24925,2.24965,0.80,0.90
2007.12.07 08:01:40.583,2.24925,2.2497,0.80,7.20
2007.12.07 08:01:40.703,2.24925,2.2497,0.80,7.20
2007.12.07 08:01:41.171,2.24925,2.24965,0.80,0.80
2007.12.07 08:01:41.355,2.24915,2.24955,2.40,0.50
2007.12.07 08:01:41.538,2.24915,2.2496,2.40,5.60
2007.12.07 08:01:41.721,2.249,2.24955,1.10,0.80
2007.12.07 08:01:43.287,2.249,2.2496,1.10,6.10
2007.12.07 08:01:43.634,2.24895,2.2496,12.70,6.10
2007.12.07 08:01:43.747,2.24895,2.2496,10.30,6.10
2007.12.07 08:01:43.862,2.24895,2.24945,9.10,0.80
2007.12.07 08:01:43.985,2.24895,2.24945,5.10,0.80
2007.12.07 08:01:44.158,2.249,2.24955,1.10,2.10
2007.12.07 08:01:44.245,2.249,2.24955,1.10,2.10
2007.12.07 08:01:44.346,2.24905,2.24955,3.20,0.50
2007.12.07 08:01:44.435,2.24905,2.2496,3.20,5.60
2007.12.07 08:01:44.522,2.24905,2.2496,3.20,5.60
2007.12.07 08:01:44.813,2.24905,2.2496,3.20,5.60
2007.12.07 08:01:45.196,2.24905,2.2496,3.20,5.60
2007.12.07 08:01:45.373,2.24895,2.24955,10.90,2.10
2007.12.07 08:01:45.552,2.24895,2.24945,6.30,0.80
2007.12.07 08:01:45.791,2.24895,2.24955,6.30,2.10
2007.12.07 08:01:50.937,2.24895,2.24945,6.30,0.80
2007.12.07 08:01:56.753,2.249,2.24955,1.10,2.10
2007.12.07 08:01:56.878,2.249,2.2496,1.10,6.10
2007.12.07 08:01:56.998,2.249,2.24955,1.10,0.50
2007.12.07 08:01:57.669,2.249,2.2496,1.10,6.10
2007.12.07 08:01:58.001,2.249,2.24955,1.10,0.90
2007.12.07 08:01:58.234,2.2492,2.2497,1.10,6.10
2007.12.07 08:01:58.468,2.2492,2.2498,1.10,7.30
2007.12.07 08:01:58.697,2.2492,2.24975,1.10,0.50
2007.12.07 08:01:58.926,2.2492,2.2499,1.10,12.90
2007.12.07 08:02:00.078,2.2492,2.24975,1.10,0.90
2007.12.07 08:02:00.747,2.2492,2.2499,1.10,12.90
2007.12.07 08:02:02.772,2.2492,2.24975,1.10,0.90
2007.12.07 08:02:02.929,2.24935,2.24975,2.40,0.50
2007.12.07 08:02:03.083,2.24935,2.2499,2.40,8.00
2007.12.07 08:02:03.236,2.24935,2.24985,2.40,1.60
2007.12.07 08:02:03.390,2.24935,2.24985,2.40,1.60
2007.12.07 08:02:03.633,2.24935,2.24985,2.40,1.60
2007.12.07 08:02:03.911,2.2493,2.2499,1.10,8.50
2007.12.07 08:02:04.149,2.2492,2.2499,1.10,10.90
2007.12.07 08:02:04.387,2.2492,2.24975,1.10,0.80
2007.12.07 08:02:05.148,2.2492,2.24975,1.10,0.60
2007.12.07 08:02:05.311,2.24925,2.24985,2.40,2.10
2007.12.07 08:02:05.474,2.24925,2.24985,3.60,2.10
2007.12.07 08:02:05.771,2.24925,2.24985,3.60,2.10
2007.12.07 08:02:05.934,2.24925,2.24975,1.20,0.80
2007.12.07 08:02:06.298,2.2492,2.24975,1.10,0.90
2007.12.07 08:02:06.520,2.2492,2.2498,1.10,6.10
2007.12.07 08:02:07.854,2.2492,2.24975,1.10,0.80
2007.12.07 08:02:09.628,2.2493,2.24975,1.10,0.90
2007.12.07 08:02:09.715,2.2493,2.2498,1.10,6.10
2007.12.07 08:02:09.769,2.2493,2.2498,1.10,6.10
2007.12.07 08:02:09.822,2.2493,2.2498,1.10,6.10
2007.12.07 08:02:09.932,2.2493,2.25,1.10,9.70
2007.12.07 08:02:09.994,2.2493,2.24985,1.10,0.80
2007.12.07 08:02:10.222,2.2493,2.25,1.10,9.70
2007.12.07 08:02:10.297,2.24935,2.24985,1.10,0.70
2007.12.07 08:02:10.350,2.24935,2.25,1.10,7.30
2007.12.07 08:02:10.453,2.24935,2.25,1.70,7.30
2007.12.07 08:02:10.507,2.24935,2.24995,4.90,0.60
2007.12.07 08:02:10.740,2.24935,2.24975,3.00,0.80
2007.12.07 08:02:10.973,2.24935,2.2498,2.40,4.80
2007.12.07 08:02:11.207,2.24925,2.2498,5.70,4.80
2007.12.07 08:02:18.911,2.24925,2.24975,5.70,0.80
2007.12.07 08:02:24.627,2.24935,2.24975,1.10,0.80
2007.12.07 08:02:24.683,2.24935,2.2498,1.90,4.00
2007.12.07 08:02:24.706,2.24935,2.2498,1.90,4.00
2007.12.07 08:02:24.770,2.24935,2.2498,2.50,4.00
2007.12.07 08:02:24.862,2.24935,2.24985,2.50,2.10
2007.12.07 08:02:24.976,2.24935,2.24995,4.90,2.10
2007.12.07 08:02:25.666,2.24945,2.24995,1.10,2.10
2007.12.07 08:02:25.795,2.24945,2.24995,1.90,2.10
2007.12.07 08:02:25.922,2.24945,2.24995,2.50,2.10
2007.12.07 08:02:26.049,2.24945,2.24995,5.70,0.80
2007.12.07 08:02:26.848,2.24945,2.24995,5.70,0.80
2007.12.07 08:02:27.302,2.24945,2.24995,5.70,0.80
2007.12.07 08:02:29.931,2.24945,2.24995,5.70,0.80
2007.12.07 08:02:31.570,2.24945,2.24995,5.70,0.80
2007.12.07 08:02:34.090,2.24945,2.24995,5.10,0.80
2007.12.07 08:02:34.310,2.24945,2.24995,5.70,0.80
2007.12.07 08:02:34.352,2.24945,2.25005,4.90,1.70
2007.12.07 08:02:37.281,2.24945,2.25005,3.80,1.70
2007.12.07 08:02:37.365,2.24945,2.25005,3.80,1.70
2007.12.07 08:02:37.447,2.24945,2.25005,3.80,1.70
2007.12.07 08:02:37.533,2.24945,2.24995,3.00,0.80
2007.12.07 08:02:37.616,2.24945,2.24995,2.40,0.80
2007.12.07 08:02:37.699,2.2494,2.24995,1.10,1.70
2007.12.07 08:02:38.375,2.2494,2.24995,1.10,1.70
2007.12.07 08:02:38.574,2.2494,2.24985,1.10,0.50
2007.12.07 08:02:39.287,2.2494,2.24985,1.10,0.50
2007.12.07 08:02:39.800,2.24935,2.24985,5.10,0.50
2007.12.07 08:02:40.008,2.24935,2.24985,5.10,0.50
2007.12.07 08:02:40.666,2.24935,2.24985,5.10,0.50
2007.12.07 08:02:40.869,2.24935,2.2498,3.20,4.00
2007.12.07 08:02:41.072,2.24925,2.2498,4.30,4.00
2007.12.07 08:02:41.276,2.24925,2.2498,4.30,4.00
2007.12.07 08:02:42.169,2.24925,2.24985,4.30,1.70
2007.12.07 08:02:42.423,2.24925,2.24985,4.30,1.70
2007.12.07 08:02:42.575,2.24925,2.2498,4.30,4.00
2007.12.07 08:02:42.734,2.24925,2.2498,4.30,4.00
2007.12.07 08:02:43.368,2.2492,2.2498,5.40,4.00
2007.12.07 08:02:44.054,2.2492,2.2498,5.40,4.00
2007.12.07 08:02:44.226,2.2492,2.24985,5.40,1.70
2007.12.07 08:02:44.680,2.24935,2.24985,0.80,1.70
2007.12.07 08:02:44.909,2.24935,2.24985,1.60,1.70
2007.12.07 08:02:45.138,2.24935,2.24985,7.20,1.70
2007.12.07 08:02:45.367,2.24935,2.24985,8.30,0.80
2007.12.07 08:02:45.595,2.24935,2.24985,2.70,1.70
2007.12.07 08:02:45.879,2.2493,2.24995,6.20,1.70
2007.12.07 08:02:46.152,2.24935,2.2499,2.20,1.20
2007.12.07 08:02:46.431,2.24925,2.24975,9.10,0.80
2007.12.07 08:02:46.709,2.24925,2.24975,2.40,0.80
2007.12.07 08:02:47.023,2.24925,2.24975,10.20,0.80
2007.12.07 08:02:48.796,2.24925,2.24975,2.10,0.80
2007.12.07 08:02:49.000,2.2492,2.24975,9.90,0.80
2007.12.07 08:02:49.205,2.2492,2.24975,2.70,1.70
2007.12.07 08:02:49.521,2.2492,2.24975,2.70,1.70
2007.12.07 08:02:50.377,2.2492,2.24975,6.70,1.70
2007.12.07 08:02:50.640,2.24925,2.24975,1.30,1.70
2007.12.07 08:02:51.307,2.24915,2.24975,12.30,1.70
2007.12.07 08:02:51.376,2.24925,2.24965,1.00,0.80
2007.12.07 08:02:51.444,2.24915,2.24965,12.30,0.80
2007.12.07 08:02:51.513,2.24925,2.24965,2.50,0.80
2007.12.07 08:02:51.581,2.24915,2.24965,1.20,0.80
2007.12.07 08:02:51.994,2.24915,2.24965,2.00,0.80
2007.12.07 08:02:52.292,2.2491,2.24965,10.20,0.80
2007.12.07 08:02:52.789,2.24915,2.24965,10.20,0.80
2007.12.07 08:02:53.079,2.24915,2.24975,12.60,1.70
2007.12.07 08:02:53.339,2.2492,2.24975,3.50,1.60
2007.12.07 08:02:53.592,2.24935,2.24985,5.10,1.70
2007.12.07 08:02:53.915,2.24945,2.24985,0.80,0.80
2007.12.07 08:02:54.134,2.24945,2.24985,0.80,0.80
2007.12.07 08:02:54.369,2.24935,2.24985,7.50,0.80
2007.12.07 08:02:55.345,2.24945,2.24985,0.80,0.80
2007.12.07 08:02:55.540,2.24935,2.24975,1.60,1.60
2007.12.07 08:02:55.734,2.2492,2.24975,3.50,1.60
2007.12.07 08:02:55.929,2.24925,2.24975,4.60,1.60
2007.12.07 08:02:56.141,2.2493,2.24975,0.80,0.80
2007.12.07 08:02:56.512,2.24925,2.24975,10.20,0.80
2007.12.07 08:02:56.725,2.24925,2.24975,10.20,0.80
2007.12.07 08:02:56.933,2.24915,2.24975,11.50,0.80
2007.12.07 08:02:57.152,2.24915,2.24975,10.40,0.80
2007.12.07 08:02:57.444,2.24915,2.2497,4.00,4.00
2007.12.07 08:02:57.661,2.24905,2.24955,9.70,0.80
2007.12.07 08:02:57.887,2.24905,2.24955,0.80,0.80
2007.12.07 08:02:58.072,2.24905,2.24955,2.50,0.80
2007.12.07 08:02:58.239,2.24895,2.24955,10.90,0.80
2007.12.07 08:02:58.407,2.24895,2.24955,10.10,1.70
2007.12.07 08:02:58.575,2.24895,2.24955,1.60,1.70
2007.12.07 08:02:58.743,2.2489,2.24955,5.50,1.70
2007.12.07 08:02:58.911,2.2489,2.24955,5.50,1.70
2007.12.07 08:02:59.199,2.24905,2.24965,0.50,1.70
2007.12.07 08:03:00.041,2.24895,2.24965,3.60,1.70
2007.12.07 08:03:01.670,2.2491,2.24965,2.20,1.70
2007.12.07 08:03:01.803,2.24915,2.24965,0.70,1.70
2007.12.07 08:03:01.936,2.24915,2.24965,0.60,1.70
2007.12.07 08:03:02.151,2.2491,2.24975,5.40,1.70
2007.12.07 08:03:02.691,2.24915,2.24975,2.40,1.70
2007.12.07 08:03:02.955,2.24915,2.24975,1.80,1.70
2007.12.07 08:03:04.557,2.2491,2.24975,5.40,1.70
2007.12.07 08:03:04.794,2.24915,2.24975,1.70,1.70
2007.12.07 08:03:05.032,2.24915,2.24975,1.50,1.70
2007.12.07 08:03:05.230,2.24915,2.24965,1.20,0.80
2007.12.07 08:03:05.428,2.24905,2.24955,4.70,0.80
2007.12.07 08:03:05.627,2.24905,2.24955,1.80,0.80
2007.12.07 08:03:07.657,2.24905,2.24955,4.30,0.80
2007.12.07 08:03:09.193,2.24905,2.24955,4.80,0.80
2007.12.07 08:03:10.164,2.249,2.24955,11.40,0.80
2007.12.07 08:03:11.137,2.2493,2.24955,0.50,0.80
2007.12.07 08:03:11.298,2.24925,2.24955,2.20,0.80
2007.12.07 08:03:11.426,2.2493,2.24955,0.50,0.80
2007.12.07 08:03:11.554,2.2493,2.24975,0.90,0.80
2007.12.07 08:03:11.830,2.24925,2.24975,8.00,0.80
2007.12.07 08:03:11.957,2.24925,2.24975,8.00,0.80
2007.12.07 08:03:12.085,2.24925,2.24975,6.40,1.60
2007.12.07 08:03:12.992,2.24925,2.24975,6.40,1.60
2007.12.07 08:03:14.064,2.24925,2.24975,6.40,1.60
2007.12.07 08:03:19.399,2.2493,2.24975,1.10,1.60
2007.12.07 08:03:19.534,2.2493,2.24975,1.10,1.60
2007.12.07 08:03:19.592,2.2493,2.24975,1.10,0.80
2007.12.07 08:03:21.403,2.2493,2.24975,1.10,0.80
2007.12.07 08:03:23.480,2.2493,2.24975,1.10,0.80
2007.12.07 08:03:23.598,2.2493,2.24975,1.10,0.80
2007.12.07 08:03:23.680,2.24935,2.24975,2.40,0.80
2007.12.07 08:03:23.723,2.24935,2.24975,2.40,0.80
2007.12.07 08:03:23.766,2.2495,2.24975,1.10,0.80
2007.12.07 08:03:23.808,2.2495,2.24975,1.10,0.80
2007.12.07 08:03:23.868,2.2494,2.24975,1.10,0.80
2007.12.07 08:03:23.904,2.2494,2.24975,1.10,0.80
2007.12.07 08:03:23.947,2.24945,2.24995,4.00,0.80
2007.12.07 08:03:24.124,2.2494,2.24995,1.10,1.70
2007.12.07 08:03:24.192,2.2494,2.24995,1.10,1.70
2007.12.07 08:03:24.235,2.24945,2.24995,0.80,1.70
2007.12.07 08:03:24.314,2.2494,2.24995,1.10,1.70
2007.12.07 08:03:25.113,2.2494,2.24995,1.10,1.70
2007.12.07 08:03:25.425,2.24935,2.24995,4.00,1.70
2007.12.07 08:03:25.739,2.2493,2.24985,1.10,1.70
2007.12.07 08:03:28.671,2.2493,2.24985,1.10,1.70
2007.12.07 08:03:29.097,2.2493,2.24985,1.10,1.70
2007.12.07 08:03:29.174,2.2493,2.24985,1.10,1.70
2007.12.07 08:03:29.198,2.24925,2.24975,2.40,0.80
2007.12.07 08:03:29.284,2.24925,2.24975,2.40,0.80
2007.12.07 08:03:29.396,2.24925,2.24975,2.40,0.80
2007.12.07 08:03:29.495,2.2492,2.24975,1.10,1.70
2007.12.07 08:03:29.693,2.2492,2.24975,1.10,1.70
2007.12.07 08:03:29.812,2.2492,2.24975,1.10,0.60
2007.12.07 08:03:30.023,2.2492,2.2498,1.10,5.70
2007.12.07 08:03:32.829,2.2492,2.2498,1.10,8.10
2007.12.07 08:03:32.888,2.24915,2.24975,10.40,0.90
2007.12.07 08:03:33.027,2.24915,2.2498,10.40,9.30
2007.12.07 08:03:33.172,2.24915,2.2498,10.40,9.30
2007.12.07 08:03:33.312,2.24915,2.2498,8.00,9.30
2007.12.07 08:03:33.452,2.24915,2.2498,4.00,16.30
2007.12.07 08:03:33.590,2.24915,2.2498,4.00,14.70
2007.12.07 08:03:33.728,2.24915,2.24975,4.00,4.10
2007.12.07 08:03:33.867,2.24905,2.24965,3.60,0.50
2007.12.07 08:03:34.007,2.24905,2.2498,3.60,9.30
2007.12.07 08:03:34.144,2.24905,2.2498,3.60,9.30
2007.12.07 08:03:34.569,2.24915,2.2498,2.40,9.30
2007.12.07 08:03:35.093,2.24915,2.24975,2.40,0.50
2007.12.07 08:03:35.260,2.24915,2.24975,2.40,6.50
2007.12.07 08:03:35.434,2.24925,2.2497,2.40,6.40
2007.12.07 08:03:35.603,2.24925,2.2496,2.40,5.60
2007.12.07 08:03:35.781,2.24905,2.2496,3.60,5.60
2007.12.07 08:03:36.139,2.24905,2.24955,3.60,0.60
2007.12.07 08:03:37.421,2.24905,2.24955,3.60,0.60
2007.12.07 08:03:37.574,2.24905,2.24955,3.60,0.70
2007.12.07 08:03:37.726,2.24905,2.24955,2.40,0.60
2007.12.07 08:03:37.886,2.24895,2.24945,6.30,0.80
2007.12.07 08:03:38.652,2.24895,2.24955,8.70,1.70
2007.12.07 08:03:38.854,2.24905,2.24945,1.10,0.80
2007.12.07 08:03:39.058,2.24905,2.24965,3.50,2.50
2007.12.07 08:03:39.262,2.24905,2.24975,5.50,4.90
2007.12.07 08:03:40.397,2.2491,2.24975,1.10,4.90
2007.12.07 08:03:40.590,2.2491,2.24975,1.10,4.90
2007.12.07 08:03:40.673,2.24915,2.24965,3.20,0.80
2007.12.07 08:03:41.151,2.24915,2.24975,3.20,1.70
2007.12.07 08:03:41.659,2.24915,2.24975,3.20,1.70
2007.12.07 08:03:42.762,2.24915,2.24965,3.20,0.80
2007.12.07 08:03:42.938,2.24915,2.2497,3.20,3.20
2007.12.07 08:03:43.093,2.24915,2.24965,3.20,0.80
2007.12.07 08:03:43.234,2.24915,2.24955,0.80,0.80
2007.12.07 08:03:43.379,2.24905,2.2496,5.20,4.80
2007.12.07 08:03:43.521,2.24905,2.24955,5.20,0.80
2007.12.07 08:03:44.326,2.24905,2.24955,5.20,0.70
2007.12.07 08:03:45.691,2.24905,2.24955,0.70,0.70
2007.12.07 08:03:45.950,2.249,2.2496,6.30,5.60
2007.12.07 08:03:46.008,2.249,2.2496,7.40,5.60
2007.12.07 08:03:46.067,2.24905,2.24955,0.60,0.90
2007.12.07 08:03:46.215,2.249,2.2496,6.60,5.60
2007.12.07 08:03:46.273,2.24905,2.2496,6.30,4.80
2007.12.07 08:03:46.331,2.24905,2.24965,10.30,1.60
2007.12.07 08:03:47.168,2.24905,2.24965,10.30,1.60
2007.12.07 08:03:47.648,2.24905,2.24965,10.30,1.60
2007.12.07 08:03:47.868,2.2491,2.24965,4.60,1.60
2007.12.07 08:03:48.202,2.2491,2.2497,5.40,4.80
2007.12.07 08:03:48.537,2.24915,2.24985,4.30,4.10
2007.12.07 08:03:50.937,2.2492,2.24985,4.60,4.10
2007.12.07 08:03:51.070,2.24925,2.24975,0.50,0.90
2007.12.07 08:03:51.203,2.2492,2.2499,8.60,13.30
2007.12.07 08:03:51.336,2.2492,2.2499,8.60,13.30
2007.12.07 08:03:51.469,2.24925,2.24985,0.60,0.60
2007.12.07 08:03:51.710,2.2492,2.2499,9.20,11.70
2007.12.07 08:03:51.844,2.2492,2.2499,9.20,9.30
2007.12.07 08:03:51.976,2.24915,2.2499,12.10,9.30
2007.12.07 08:03:52.169,2.2491,2.2498,9.40,5.70
2007.12.07 08:03:52.363,2.24915,2.24975,0.90,0.50
2007.12.07 08:03:52.555,2.2491,2.2498,7.20,5.70
2007.12.07 08:03:52.748,2.24915,2.24975,0.80,0.60
2007.12.07 08:03:53.045,2.2491,2.24985,6.60,4.10
2007.12.07 08:03:54.680,2.24905,2.24985,12.70,4.10
2007.12.07 08:03:54.848,2.24905,2.2498,10.30,14.50
2007.12.07 08:03:55.021,2.24905,2.24965,10.30,1.60
2007.12.07 08:03:55.227,2.249,2.24965,11.40,1.70
2007.12.07 08:03:55.588,2.24915,2.24955,0.70,0.80
2007.12.07 08:03:55.920,2.2491,2.24965,4.60,1.60
2007.12.07 08:03:56.149,2.24915,2.2497,7.30,4.80
2007.12.07 08:03:56.376,2.24915,2.24975,7.30,1.70
2007.12.07 08:03:57.196,2.24915,2.24975,7.30,1.70
2007.12.07 08:03:58.196,2.24915,2.24975,7.30,1.70
2007.12.07 08:04:02.966,2.24925,2.24965,0.80,0.80
2007.12.07 08:04:03.041,2.24925,2.24965,0.80,0.80
2007.12.07 08:04:03.106,2.24915,2.24965,3.20,0.80
2007.12.07 08:04:03.205,2.24915,2.24965,3.20,0.80
2007.12.07 08:04:03.256,2.249,2.24955,12.20,0.80
2007.12.07 08:04:03.310,2.249,2.24955,12.20,0.80
2007.12.07 08:04:03.415,2.249,2.24955,11.40,0.80
2007.12.07 08:04:03.830,2.24915,2.24955,1.10,0.80
2007.12.07 08:04:05.280,2.24915,2.24955,0.90,0.80
2007.12.07 08:04:06.659,2.24905,2.24955,11.10,0.80
2007.12.07 08:04:07.040,2.24915,2.24955,1.60,0.80
2007.12.07 08:04:07.187,2.24915,2.24955,2.40,0.80
2007.12.07 08:04:07.772,2.24905,2.24955,10.30,0.80
2007.12.07 08:04:07.949,2.2491,2.24955,7.40,0.80
2007.12.07 08:04:07.981,2.2491,2.24955,7.40,0.80
2007.12.07 08:04:08.043,2.2491,2.24955,10.60,0.80
2007.12.07 08:04:08.312,2.2491,2.24955,9.40,0.80
2007.12.07 08:04:08.580,2.24915,2.24975,8.30,1.70
2007.12.07 08:04:08.893,2.2492,2.24975,6.20,1.70
2007.12.07 08:04:09.161,2.2492,2.24975,9.40,0.90
2007.12.07 08:04:09.365,2.2492,2.24975,10.20,0.90
2007.12.07 08:04:09.626,2.24935,2.24975,0.80,0.90
2007.12.07 08:04:09.829,2.2493,2.24985,4.60,0.90
2007.12.07 08:04:10.033,2.24935,2.24985,8.30,0.90
2007.12.07 08:04:10.276,2.24935,2.24995,10.70,0.90
2007.12.07 08:04:16.169,2.24945,2.24995,1.90,0.90
2007.12.07 08:04:16.479,2.24945,2.25,7.50,5.20
2007.12.07 08:04:16.795,2.24955,2.25,1.10,1.20
2007.12.07 08:04:17.106,2.24965,2.2501,0.80,1.20
2007.12.07 08:04:17.557,2.24965,2.2501,0.80,1.20
2007.12.07 08:04:17.819,2.24965,2.25015,0.80,0.90
2007.12.07 08:04:18.090,2.24965,2.25015,0.80,0.90
2007.12.07 08:04:18.771,2.24965,2.25015,0.80,0.90
2007.12.07 08:04:19.289,2.24965,2.25005,0.80,0.80
2007.12.07 08:04:19.496,2.24965,2.25005,1.90,0.80
2007.12.07 08:04:19.706,2.24965,2.25005,4.30,0.80
2007.12.07 08:04:19.914,2.24975,2.2502,0.80,4.00
2007.12.07 08:04:20.249,2.24975,2.2502,0.80,4.00
2007.12.07 08:04:20.537,2.24975,2.2502,0.80,4.00
2007.12.07 08:04:22.103,2.24975,2.2502,0.80,5.20
2007.12.07 08:04:22.171,2.24975,2.25015,0.80,0.90
2007.12.07 08:04:22.514,2.24975,2.2502,0.80,5.20
2007.12.07 08:04:23.029,2.24975,2.2502,0.80,4.00
2007.12.07 08:04:23.162,2.24975,2.2502,0.80,4.00
2007.12.07 08:04:23.297,2.24975,2.2502,0.80,4.00
2007.12.07 08:04:23.429,2.24955,2.25015,11.90,0.90
2007.12.07 08:04:23.561,2.24955,2.2501,7.90,4.00
2007.12.07 08:04:23.719,2.24955,2.2501,6.80,4.00
2007.12.07 08:04:23.850,2.24955,2.25005,0.80,0.90
2007.12.07 08:04:24.004,2.24955,2.25,0.80,4.00
2007.12.07 08:04:24.157,2.24955,2.25,0.80,4.00
2007.12.07 08:04:24.679,2.24955,2.25,0.80,4.00
2007.12.07 08:04:25.174,2.24955,2.25,0.80,4.00
2007.12.07 08:04:25.685,2.24955,2.25,0.80,4.00
2007.12.07 08:04:25.895,2.24955,2.2499,0.80,4.00
2007.12.07 08:04:26.102,2.24935,2.2499,7.90,4.00
2007.12.07 08:04:26.252,2.24945,2.2499,3.90,4.00
2007.12.07 08:04:26.399,2.24945,2.24995,3.90,0.90
2007.12.07 08:04:26.546,2.24955,2.25,0.80,4.00
2007.12.07 08:04:27.666,2.24955,2.25,0.80,4.00
2007.12.07 08:04:27.817,2.24955,2.25,0.80,4.00
2007.12.07 08:04:27.964,2.24935,2.24995,11.90,0.90
2007.12.07 08:04:28.113,2.24935,2.2499,7.90,4.00
2007.12.07 08:04:31.069,2.24945,2.2499,1.10,4.00
2007.12.07 08:04:31.173,2.24945,2.2499,1.90,4.00
2007.12.07 08:04:31.288,2.24945,2.2499,1.90,4.00
2007.12.07 08:04:31.598,2.24945,2.2499,0.80,4.00
2007.12.07 08:04:31.664,2.24945,2.2499,0.80,4.00
2007.12.07 08:04:31.839,2.24945,2.2498,0.80,4.00
2007.12.07 08:04:31.985,2.24935,2.2498,2.70,4.00
2007.12.07 08:04:32.066,2.24935,2.2498,2.70,4.00
2007.12.07 08:04:32.948,2.2494,2.2498,1.10,4.00
2007.12.07 08:04:33.280,2.2494,2.2498,1.10,4.00
2007.12.07 08:04:33.334,2.2494,2.24985,1.10,0.80
2007.12.07 08:04:34.119,2.2494,2.24985,1.10,0.80
2007.12.07 08:04:34.228,2.2494,2.24985,1.10,0.80
2007.12.07 08:04:34.402,2.24945,2.24995,0.80,0.90
2007.12.07 08:04:34.575,2.24945,2.24995,0.80,0.90
2007.12.07 08:04:34.747,2.24945,2.24995,0.80,0.90
2007.12.07 08:04:35.028,2.24945,2.24995,1.90,0.90
2007.12.07 08:04:35.200,2.24945,2.24995,1.90,0.90
2007.12.07 08:04:35.459,2.24945,2.24995,4.30,0.90
2007.12.07 08:04:35.718,2.24945,2.24995,5.10,0.80
2007.12.07 08:04:36.103,2.24955,2.24995,1.10,0.80
2007.12.07 08:04:36.290,2.24955,2.24995,0.50,0.80
2007.12.07 08:04:36.367,2.24955,2.25,1.00,4.00
2007.12.07 08:04:36.608,2.2495,2.25,4.30,4.00
2007.12.07 08:04:36.857,2.24955,2.24995,0.60,0.80
2007.12.07 08:04:37.106,2.2494,2.24995,0.90,0.90
2007.12.07 08:04:37.354,2.2495,2.24995,0.90,0.90
2007.12.07 08:04:37.619,2.2494,2.25005,5.80,0.90
2007.12.07 08:04:37.872,2.2494,2.25005,5.80,0.90
2007.12.07 08:04:38.126,2.2495,2.25005,0.90,0.90
2007.12.07 08:04:38.379,2.24945,2.25005,5.40,0.90
2007.12.07 08:04:38.659,2.24945,2.25005,5.40,0.90
2007.12.07 08:04:39.007,2.24945,2.25005,5.40,0.90
2007.12.07 08:04:39.499,2.2495,2.25005,2.20,0.90
2007.12.07 08:04:39.683,2.24955,2.25005,0.90,0.90
2007.12.07 08:04:39.866,2.2495,2.25015,5.40,0.90
2007.12.07 08:04:40.140,2.2495,2.25015,5.40,0.90
2007.12.07 08:04:40.452,2.2495,2.25015,4.30,0.90
2007.12.07 08:04:40.656,2.2495,2.25015,4.30,0.90
2007.12.07 08:04:40.859,2.24955,2.25015,0.90,0.90
2007.12.07 08:04:41.062,2.2495,2.25005,0.90,0.90
2007.12.07 08:04:41.265,2.24945,2.25005,1.50,3.30
2007.12.07 08:04:41.468,2.2494,2.24995,1.60,0.90
2007.12.07 08:04:41.617,2.2494,2.24995,1.60,0.90
2007.12.07 08:04:42.324,2.24945,2.24995,0.50,0.90
2007.12.07 08:04:44.041,2.24935,2.24995,8.90,0.90
2007.12.07 08:04:44.230,2.2493,2.24985,5.90,0.90
2007.12.07 08:04:44.419,2.2493,2.24985,1.90,0.90
2007.12.07 08:04:44.607,2.24935,2.24985,0.90,0.90
2007.12.07 08:04:44.766,2.2493,2.2499,8.60,4.00
2007.12.07 08:04:44.914,2.24935,2.24995,2.10,0.90
2007.12.07 08:04:45.068,2.2494,2.24995,0.50,0.90
2007.12.07 08:04:45.222,2.2494,2.24995,0.50,0.90
2007.12.07 08:04:45.376,2.24935,2.24995,9.40,0.90
2007.12.07 08:04:45.605,2.24935,2.24995,0.60,0.90
2007.12.07 08:04:45.769,2.2493,2.24995,8.30,0.90
2007.12.07 08:04:45.932,2.2493,2.24985,5.10,0.90
2007.12.07 08:04:46.094,2.2493,2.24985,0.90,0.90
2007.12.07 08:04:46.257,2.24925,2.24985,6.60,0.90
2007.12.07 08:04:50.466,2.24925,2.24985,1.60,0.90
2007.12.07 08:04:50.580,2.2492,2.24985,5.50,1.70
2007.12.07 08:04:50.668,2.2492,2.24985,5.50,1.70
2007.12.07 08:04:50.756,2.2492,2.24975,0.50,0.90
2007.12.07 08:04:50.843,2.2492,2.24975,0.50,0.90
2007.12.07 08:04:51.616,2.2491,2.24975,13.80,0.90
2007.12.07 08:04:51.794,2.24915,2.24975,11.90,0.90
2007.12.07 08:04:51.971,2.24925,2.24975,0.50,0.90
2007.12.07 08:04:52.130,2.24915,2.24985,11.90,0.90
2007.12.07 08:04:52.562,2.24925,2.24985,5.80,0.90
2007.12.07 08:04:52.717,2.2493,2.24985,2.30,0.90
2007.12.07 08:04:52.870,2.24935,2.25005,3.60,0.90
2007.12.07 08:04:53.023,2.24935,2.25005,4.70,0.90
2007.12.07 08:04:53.172,2.24945,2.25005,1.30,0.90
2007.12.07 08:04:53.320,2.24935,2.25005,5.50,0.90
2007.12.07 08:04:53.620,2.2494,2.25005,3.50,0.90
2007.12.07 08:04:53.769,2.24945,2.24995,1.00,1.70
2007.12.07 08:04:53.917,2.2494,2.24995,3.50,1.70
2007.12.07 08:04:54.065,2.2494,2.24995,0.50,1.70
2007.12.07 08:04:55.587,2.2494,2.24995,0.70,1.70
2007.12.07 08:04:57.002,2.2493,2.24995,6.60,1.70
2007.12.07 08:04:57.107,2.24945,2.24995,0.50,1.70
2007.12.07 08:04:57.165,2.24945,2.24995,0.60,1.70
2007.12.07 08:04:57.255,2.2494,2.24995,2.20,0.90
2007.12.07 08:04:57.294,2.2494,2.24995,2.20,0.90
2007.12.07 08:04:57.331,2.2494,2.24995,3.80,0.90
2007.12.07 08:04:57.463,2.2494,2.24995,7.80,0.90
2007.12.07 08:04:57.583,2.2494,2.24995,7.80,0.90
2007.12.07 08:04:57.630,2.2494,2.24995,10.20,0.80
2007.12.07 08:04:58.561,2.24945,2.24995,0.70,0.80
2007.12.07 08:04:58.755,2.24935,2.24995,9.10,1.60
2007.12.07 08:04:58.820,2.24935,2.24995,9.10,1.60
2007.12.07 08:04:58.910,2.24935,2.24995,8.30,1.70
2007.12.07 08:04:58.978,2.2493,2.24995,5.40,1.70
2007.12.07 08:05:00.765,2.2493,2.24995,5.40,1.70
2007.12.07 08:05:01.876,2.24935,2.24985,0.60,0.90
2007.12.07 08:05:02.077,2.24925,2.24985,12.70,0.90
2007.12.07 08:05:02.181,2.2492,2.24985,13.80,0.90
2007.12.07 08:05:02.239,2.24925,2.24985,4.30,0.90
2007.12.07 08:05:02.322,2.2492,2.24985,9.80,0.90
2007.12.07 08:05:02.491,2.2492,2.24985,8.70,0.90
2007.12.07 08:05:02.603,2.2492,2.24985,6.30,1.70
2007.12.07 08:05:02.661,2.2493,2.24985,0.80,1.70
2007.12.07 08:05:02.720,2.2493,2.24975,0.60,0.80
2007.12.07 08:05:02.778,2.24925,2.24975,8.20,0.80
2007.12.07 08:05:02.844,2.2493,2.24975,0.70,0.80
2007.12.07 08:05:03.087,2.24925,2.2498,10.40,2.40
2007.12.07 08:05:03.330,2.24925,2.24965,7.20,0.80
2007.12.07 08:05:03.573,2.24915,2.24965,1.90,0.90
2007.12.07 08:05:03.815,2.24915,2.2497,8.70,4.00
2007.12.07 08:05:04.059,2.2492,2.24975,3.00,0.90
2007.12.07 08:05:04.266,2.2492,2.24975,5.40,0.90
2007.12.07 08:05:04.475,2.2492,2.24975,8.60,0.80
2007.12.07 08:05:04.683,2.2492,2.24985,8.60,0.90
2007.12.07 08:05:09.083,2.24925,2.24985,5.10,1.70
2007.12.07 08:05:09.138,2.24925,2.24985,4.00,1.70
2007.12.07 08:05:09.187,2.24925,2.24985,4.00,1.70
2007.12.07 08:05:09.281,2.24925,2.24975,2.40,0.80
2007.12.07 08:05:09.365,2.24925,2.24975,2.40,0.80
2007.12.07 08:05:09.481,2.2492,2.24975,1.10,0.90
2007.12.07 08:05:10.071,2.24925,2.24975,1.10,0.90
2007.12.07 08:05:10.178,2.24925,2.24975,3.50,0.90
2007.12.07 08:05:10.286,2.24925,2.24975,3.50,0.90
2007.12.07 08:05:10.394,2.24925,2.24985,7.50,0.90
2007.12.07 08:05:10.502,2.24925,2.24985,7.50,0.90
2007.12.07 08:05:12.580,2.2493,2.24985,1.10,0.90
2007.12.07 08:05:12.687,2.2493,2.24985,1.10,0.90
2007.12.07 08:05:12.809,2.2493,2.24985,1.10,0.90
2007.12.07 08:05:12.851,2.2493,2.24985,1.10,0.90
2007.12.07 08:05:13.099,2.2494,2.24985,1.10,0.90
2007.12.07 08:05:13.333,2.2494,2.24985,1.10,0.90
2007.12.07 08:05:13.456,2.2494,2.24995,1.10,1.70
2007.12.07 08:05:15.414,2.2494,2.24995,1.10,1.70
2007.12.07 08:05:19.409,2.2494,2.24995,1.10,1.70
2007.12.07 08:05:19.654,2.2494,2.24995,1.10,1.70
2007.12.07 08:05:25.401,2.24945,2.24995,2.40,1.70
2007.12.07 08:05:25.429,2.24945,2.24995,2.40,1.70
2007.12.07 08:05:25.795,2.2494,2.24995,1.10,1.70
2007.12.07 08:05:26.140,2.2495,2.24995,1.10,1.70
2007.12.07 08:05:26.315,2.2495,2.24995,1.10,1.70
2007.12.07 08:05:26.427,2.2495,2.24995,1.10,1.70
2007.12.07 08:05:26.499,2.2495,2.24995,1.10,1.70
2007.12.07 08:05:26.533,2.2495,2.24995,1.10,1.60
2007.12.07 08:05:27.983,2.2495,2.24995,1.10,0.80
2007.12.07 08:05:28.189,2.2495,2.24995,1.10,0.80
2007.12.07 08:05:30.798,2.2495,2.24995,0.60,0.80
2007.12.07 08:05:33.144,2.2495,2.24995,0.90,0.80
2007.12.07 08:05:37.747,2.24945,2.24995,6.20,0.80
2007.12.07 08:05:42.661,2.2495,2.24995,2.20,0.80
2007.12.07 08:05:42.692,2.24955,2.24995,0.80,0.80
2007.12.07 08:05:42.801,2.24955,2.24995,0.60,0.80
2007.12.07 08:05:42.819,2.2495,2.25005,6.20,0.80
2007.12.07 08:05:43.020,2.24955,2.25005,2.70,0.80
2007.12.07 08:05:43.300,2.24955,2.25005,1.30,0.80
2007.12.07 08:05:45.691,2.24955,2.25005,2.00,0.80
2007.12.07 08:05:46.171,2.2497,2.25005,0.80,0.80
2007.12.07 08:05:46.320,2.24965,2.25005,2.20,0.80
2007.12.07 08:05:46.398,2.24965,2.25005,5.40,0.80
2007.12.07 08:05:46.521,2.24965,2.25005,5.40,0.80
2007.12.07 08:05:48.777,2.24965,2.25005,5.40,0.80
2007.12.07 08:05:54.157,2.2496,2.25005,5.40,0.80
2007.12.07 08:05:54.167,2.24965,2.25005,2.40,1.60
2007.12.07 08:05:54.261,2.24965,2.25005,2.10,1.60
2007.12.07 08:05:54.275,2.24965,2.24995,1.90,0.80
2007.12.07 08:05:54.315,2.24965,2.24995,1.80,0.80
2007.12.07 08:05:54.408,2.2496,2.24995,5.40,0.80
2007.12.07 08:05:54.479,2.24965,2.24995,1.00,0.80
2007.12.07 08:05:54.516,2.24965,2.24995,0.90,0.80
2007.12.07 08:05:54.667,2.24965,2.24995,1.00,0.80
2007.12.07 08:05:54.995,2.2496,2.24995,3.00,0.80
2007.12.07 08:05:55.613,2.24965,2.24995,0.80,0.80
2007.12.07 08:05:55.737,2.2495,2.24995,1.90,0.80
2007.12.07 08:05:55.861,2.2495,2.24995,1.90,0.80
2007.12.07 08:05:56.008,2.24945,2.24995,6.20,0.80
2007.12.07 08:05:56.404,2.2495,2.24995,0.80,0.80
2007.12.07 08:05:56.720,2.24945,2.24995,6.20,0.80
2007.12.07 08:05:56.826,2.2495,2.24995,0.80,0.80
2007.12.07 08:05:58.358,2.2495,2.24995,1.10,0.80
2007.12.07 08:05:59.793,2.2495,2.24995,1.10,0.80
2007.12.07 08:05:59.939,2.2495,2.24995,1.10,0.80
2007.12.07 08:06:02.748,2.2495,2.24995,1.10,0.80
2007.12.07 08:06:02.772,2.24945,2.24995,5.10,0.80
2007.12.07 08:06:02.804,2.24945,2.24995,5.10,0.80
2007.12.07 08:06:02.828,2.24945,2.24995,5.10,0.80
2007.12.07 08:06:03.662,2.24945,2.24995,5.10,0.80
2007.12.07 08:06:03.816,2.24945,2.24995,5.10,0.80
2007.12.07 08:06:03.968,2.24955,2.24995,1.10,0.80
2007.12.07 08:06:04.123,2.24965,2.24995,1.10,0.80
2007.12.07 08:06:04.276,2.24965,2.24995,1.10,0.80
2007.12.07 08:06:04.454,2.24965,2.25015,2.70,0.90
2007.12.07 08:06:04.632,2.24965,2.25015,2.70,0.90
2007.12.07 08:06:04.816,2.24965,2.25015,5.10,0.80
2007.12.07 08:06:04.988,2.24965,2.25015,5.10,0.80
2007.12.07 08:06:05.199,2.24965,2.25015,5.10,0.80
2007.12.07 08:06:06.023,2.24965,2.25015,5.10,0.80
2007.12.07 08:06:06.223,2.2496,2.25015,6.20,0.80
2007.12.07 08:06:07.732,2.24965,2.25015,5.10,0.80
2007.12.07 08:06:08.176,2.24985,2.25015,1.10,0.80
2007.12.07 08:06:08.244,2.24985,2.25015,1.10,0.80
2007.12.07 08:06:08.345,2.24985,2.25015,1.10,0.80
2007.12.07 08:06:08.540,2.24985,2.25015,1.10,0.80
2007.12.07 08:06:08.657,2.24985,2.25015,1.10,0.80
2007.12.07 08:06:08.737,2.24985,2.25015,1.10,0.80
2007.12.07 08:06:10.825,2.24985,2.25015,1.10,0.80
2007.12.07 08:06:11.682,2.2499,2.25015,1.10,0.80
2007.12.07 08:06:11.766,2.2499,2.2503,1.10,4.00
2007.12.07 08:06:11.948,2.2499,2.2503,1.10,4.00
2007.12.07 08:06:12.136,2.2499,2.2503,1.10,4.00
2007.12.07 08:06:12.723,2.2499,2.2503,1.10,4.00
2007.12.07 08:06:12.906,2.24985,2.2503,4.00,4.00
2007.12.07 08:06:13.023,2.24985,2.2503,0.80,4.00
2007.12.07 08:06:13.121,2.24985,2.2503,0.80,4.00
2007.12.07 08:06:13.228,2.24985,2.2503,0.80,4.00
2007.12.07 08:06:13.332,2.24985,2.2503,0.80,4.00
2007.12.07 08:06:13.633,2.24985,2.2503,0.80,4.00
2007.12.07 08:06:15.106,2.25,2.2503,1.10,4.00
2007.12.07 08:06:15.166,2.25,2.2503,1.10,4.00
2007.12.07 08:06:15.221,2.2499,2.2503,1.10,4.00
2007.12.07 08:06:15.269,2.2499,2.2503,1.10,4.00
2007.12.07 08:06:15.306,2.2499,2.2503,1.10,4.00
2007.12.07 08:06:15.464,2.2499,2.2503,1.10,4.00
2007.12.07 08:06:15.558,2.2499,2.25035,1.10,0.90
2007.12.07 08:06:15.586,2.2499,2.25035,1.10,0.80
2007.12.07 08:06:15.683,2.2499,2.25035,1.10,0.80
2007.12.07 08:06:15.773,2.2499,2.25035,1.10,0.80
2007.12.07 08:06:16.287,2.2499,2.25035,1.10,0.80
2007.12.07 08:06:17.223,2.2499,2.25035,1.10,0.80
2007.12.07 08:06:20.659,2.2499,2.25035,1.10,0.80
2007.12.07 08:06:21.224,2.25005,2.25035,1.10,0.80
2007.12.07 08:06:21.362,2.25005,2.25035,1.90,0.80
2007.12.07 08:06:21.696,2.25005,2.25035,0.80,0.80
2007.12.07 08:06:22.030,2.25005,2.25035,2.40,0.80
2007.12.07 08:06:22.362,2.25005,2.25035,1.10,0.80
2007.12.07 08:06:22.580,2.25005,2.25035,3.50,0.80
2007.12.07 08:06:22.798,2.25005,2.25035,2.40,0.80
2007.12.07 08:06:23.017,2.2499,2.25035,1.10,0.80
2007.12.07 08:06:23.235,2.2499,2.25035,1.10,0.80
2007.12.07 08:06:27.202,2.2499,2.25035,1.10,0.80
2007.12.07 08:06:28.169,2.24985,2.25035,4.00,0.80
2007.12.07 08:06:28.290,2.24985,2.25035,4.00,0.80
2007.12.07 08:06:28.430,2.24985,2.25035,4.00,0.80
2007.12.07 08:06:28.477,2.24985,2.25035,2.40,0.90
2007.12.07 08:06:28.628,2.24985,2.25035,2.40,0.90
2007.12.07 08:06:28.834,2.24985,2.25035,2.40,0.90
2007.12.07 08:06:28.973,2.2498,2.25035,1.10,0.90
2007.12.07 08:06:29.213,2.24975,2.25035,4.30,0.90
2007.12.07 08:06:29.452,2.24975,2.25035,4.30,0.90
2007.12.07 08:06:29.690,2.24975,2.25035,4.30,0.90
2007.12.07 08:06:29.928,2.24975,2.25035,3.20,0.90
2007.12.07 08:06:30.165,2.25,2.25035,1.10,0.90
2007.12.07 08:06:30.394,2.25,2.25035,1.10,0.90
2007.12.07 08:06:30.622,2.25,2.25035,1.10,0.90
2007.12.07 08:06:30.850,2.25,2.25035,1.10,0.90
2007.12.07 08:06:31.077,2.25,2.25035,1.10,0.80
2007.12.07 08:06:31.306,2.24995,2.25035,3.20,0.80
2007.12.07 08:06:31.503,2.24995,2.25035,3.20,0.80
2007.12.07 08:06:31.702,2.24985,2.25035,4.30,0.80
2007.12.07 08:06:32.872,2.24985,2.25035,4.30,0.80
2007.12.07 08:06:39.787,2.25,2.25035,1.10,0.80
2007.12.07 08:06:39.876,2.25,2.25035,1.10,0.80
2007.12.07 08:06:39.962,2.25,2.25035,1.10,0.80
2007.12.07 08:06:40.050,2.25,2.25035,1.10,0.80
2007.12.07 08:06:41.246,2.24995,2.25035,3.20,0.80
2007.12.07 08:06:41.394,2.24995,2.25035,3.20,0.80
2007.12.07 08:06:41.544,2.24985,2.25035,4.30,0.80
2007.12.07 08:06:43.160,2.24985,2.25035,4.30,0.80
2007.12.07 08:06:43.224,2.24985,2.25035,4.30,0.80
2007.12.07 08:06:43.645,2.24995,2.25035,1.10,0.80
2007.12.07 08:06:43.756,2.24995,2.2504,1.10,4.00
2007.12.07 08:06:43.814,2.24995,2.2504,1.10,4.00
2007.12.07 08:06:43.897,2.24995,2.2504,1.10,4.00
2007.12.07 08:06:43.954,2.24995,2.25045,1.10,0.90
2007.12.07 08:06:44.012,2.24995,2.25055,4.30,0.90
2007.12.07 08:06:44.341,2.24995,2.25055,4.30,0.90
2007.12.07 08:06:44.372,2.24995,2.2506,4.30,4.90
2007.12.07 08:06:44.669,2.25005,2.25055,0.80,0.90
2007.12.07 08:06:44.998,2.25045,2.25065,4.30,0.50
2007.12.07 08:06:45.132,2.25045,2.25095,4.30,0.80
2007.12.07 08:06:45.264,2.25045,2.251,4.30,7.60
2007.12.07 08:06:46.057,2.25045,2.25095,4.30,0.80
2007.12.07 08:06:46.339,2.2506,2.25095,1.10,0.80
2007.12.07 08:06:46.622,2.2506,2.25105,1.10,0.90
2007.12.07 08:06:46.911,2.2506,2.25105,1.10,0.80
2007.12.07 08:06:47.195,2.2506,2.25105,1.10,0.80
2007.12.07 08:06:48.038,2.2506,2.25115,1.10,3.30
2007.12.07 08:06:49.084,2.2506,2.25105,1.10,0.80
2007.12.07 08:06:49.151,2.2506,2.25115,1.10,3.30
2007.12.07 08:06:49.398,2.2506,2.25105,1.10,0.80
2007.12.07 08:06:50.126,2.2506,2.25105,1.10,0.80
2007.12.07 08:06:51.065,2.2506,2.25105,1.10,0.80
2007.12.07 08:06:52.656,2.25055,2.25105,3.20,0.80
2007.12.07 08:06:52.706,2.25055,2.25105,3.20,3.20
2007.12.07 08:06:52.822,2.25055,2.25095,3.20,0.80
2007.12.07 08:06:52.902,2.2504,2.25095,1.10,3.30
2007.12.07 08:06:52.919,2.2504,2.25085,1.10,0.80
2007.12.07 08:06:53.009,2.2504,2.25095,1.10,3.30
2007.12.07 08:06:53.223,2.2504,2.25085,1.10,0.80
2007.12.07 08:06:54.485,2.2504,2.2509,1.10,4.80
2007.12.07 08:06:54.934,2.2504,2.25085,1.10,0.80
2007.12.07 08:06:55.445,2.2504,2.25085,1.10,0.80
2007.12.07 08:06:55.812,2.2504,2.25085,1.10,0.80
2007.12.07 08:06:59.287,2.2504,2.25085,1.10,0.60
2007.12.07 08:07:00.388,2.2504,2.25085,1.10,0.60
2007.12.07 08:07:04.934,2.2504,2.25085,1.10,0.80
2007.12.07 08:07:05.008,2.2504,2.25085,1.10,0.60
2007.12.07 08:07:05.082,2.2504,2.25095,1.10,1.70
2007.12.07 08:07:05.212,2.25035,2.25085,3.20,0.80
2007.12.07 08:07:05.352,2.25035,2.25095,3.20,1.70
2007.12.07 08:07:05.425,2.25035,2.25105,5.60,1.70
2007.12.07 08:07:05.498,2.25035,2.25105,5.60,1.70
2007.12.07 08:07:05.571,2.25045,2.2511,2.40,6.90
2007.12.07 08:07:05.723,2.2505,2.2511,1.10,6.90
2007.12.07 08:07:05.966,2.2505,2.25105,1.10,0.60
2007.12.07 08:07:06.167,2.2505,2.2511,1.10,6.90
2007.12.07 08:07:06.371,2.2505,2.25105,1.10,1.70
2007.12.07 08:07:06.574,2.2505,2.2511,1.10,2.10
2007.12.07 08:07:06.777,2.25055,2.2511,1.10,2.10
2007.12.07 08:07:06.980,2.25055,2.2511,1.10,2.90
2007.12.07 08:07:07.154,2.25055,2.25115,4.30,2.90
2007.12.07 08:07:07.429,2.25055,2.2512,4.30,6.90
2007.12.07 08:07:07.603,2.25055,2.25105,4.30,0.80
2007.12.07 08:07:07.810,2.2506,2.25105,1.10,0.80
2007.12.07 08:07:07.984,2.2506,2.2512,1.10,6.90
2007.12.07 08:07:08.127,2.2506,2.2512,1.10,6.90
2007.12.07 08:07:08.369,2.2506,2.2512,1.10,6.90
2007.12.07 08:07:08.748,2.25065,2.2512,1.10,6.90
2007.12.07 08:07:08.891,2.25065,2.25115,1.10,0.90
2007.12.07 08:07:09.035,2.25065,2.2512,1.90,6.90
2007.12.07 08:07:09.173,2.25065,2.2512,5.10,6.80
2007.12.07 08:07:09.311,2.25065,2.2512,5.10,5.60
2007.12.07 08:07:09.450,2.25065,2.2512,5.10,4.80
2007.12.07 08:07:09.602,2.25065,2.2512,5.10,4.80
2007.12.07 08:07:10.630,2.25065,2.2512,5.10,4.80
2007.12.07 08:07:10.752,2.25065,2.2512,5.10,4.80
2007.12.07 08:07:11.015,2.2506,2.2512,6.20,5.60
2007.12.07 08:07:11.339,2.25065,2.25115,0.60,0.80
2007.12.07 08:07:11.452,2.2506,2.2512,6.20,4.80
2007.12.07 08:07:13.455,2.2506,2.2512,6.20,4.80
2007.12.07 08:07:17.009,2.25065,2.25115,0.80,0.80
2007.12.07 08:07:17.595,2.2506,2.25115,6.20,0.80
2007.12.07 08:07:21.032,2.2506,2.25115,7.00,0.80
2007.12.07 08:07:25.863,2.2507,2.25115,0.60,0.80
2007.12.07 08:07:25.981,2.2507,2.2512,1.90,4.00
2007.12.07 08:07:26.125,2.2507,2.25125,1.90,0.90
2007.12.07 08:07:26.284,2.25075,2.25125,0.80,0.90
2007.12.07 08:07:26.367,2.25065,2.25125,5.90,0.90
2007.12.07 08:07:26.452,2.2506,2.25115,7.00,0.80
2007.12.07 08:07:26.622,2.25065,2.25115,0.70,0.80
2007.12.07 08:07:28.011,2.2506,2.25115,7.00,0.80
2007.12.07 08:07:28.393,2.2506,2.25115,6.20,0.80
2007.12.07 08:07:33.064,2.25065,2.25115,2.80,0.80
2007.12.07 08:07:34.367,2.2507,2.25115,0.80,0.80
2007.12.07 08:07:34.383,2.25065,2.25115,8.60,0.80
2007.12.07 08:07:34.549,2.25075,2.2512,0.80,4.00
2007.12.07 08:07:34.612,2.2507,2.25125,1.90,0.90
2007.12.07 08:07:34.872,2.25075,2.25125,0.80,0.90
2007.12.07 08:07:34.896,2.25065,2.25125,7.50,0.90
2007.12.07 08:07:34.991,2.25065,2.25125,5.10,0.90
2007.12.07 08:07:35.072,2.25065,2.25115,2.80,0.80
2007.12.07 08:07:35.122,2.25065,2.25115,2.80,0.80
2007.12.07 08:07:39.045,2.2506,2.25115,6.20,0.80
2007.12.07 08:07:39.625,2.25065,2.25115,5.10,0.80
2007.12.07 08:07:42.192,2.25065,2.25115,5.90,0.80
2007.12.07 08:07:43.405,2.25065,2.25115,5.90,0.80
2007.12.07 08:07:45.980,2.25075,2.25115,1.10,0.80
2007.12.07 08:07:46.204,2.25075,2.25115,1.10,0.80
2007.12.07 08:07:46.289,2.25075,2.25115,4.30,0.80
2007.12.07 08:07:46.415,2.25075,2.2512,4.30,4.00
2007.12.07 08:07:46.537,2.25075,2.25135,4.30,1.70
2007.12.07 08:07:46.626,2.25075,2.25135,4.30,0.90
2007.12.07 08:07:47.253,2.25075,2.25135,4.30,0.90
2007.12.07 08:07:47.372,2.25075,2.25135,5.10,0.90
2007.12.07 08:07:50.145,2.25075,2.25135,5.10,0.90
2007.12.07 08:07:56.580,2.25075,2.25135,5.10,0.90
2007.12.07 08:07:56.876,2.2508,2.25135,1.10,0.90
2007.12.07 08:07:56.990,2.2508,2.25135,1.10,0.90
2007.12.07 08:07:57.103,2.2508,2.25135,1.10,0.90
2007.12.07 08:07:57.541,2.2508,2.25135,1.10,0.90
2007.12.07 08:07:57.874,2.2508,2.25135,1.10,0.90
2007.12.07 08:07:58.208,2.25075,2.25135,5.10,0.90
2007.12.07 08:08:01.175,2.25075,2.25135,5.10,0.90
2007.12.07 08:08:03.622,2.25085,2.25135,1.10,0.90
2007.12.07 08:08:03.778,2.25085,2.25135,1.10,0.90
2007.12.07 08:08:03.884,2.25085,2.25135,1.10,0.90
2007.12.07 08:08:04.022,2.25085,2.25135,5.10,0.80
2007.12.07 08:08:04.186,2.25085,2.25135,5.10,0.80
2007.12.07 08:08:04.386,2.25085,2.25135,5.10,0.80
2007.12.07 08:08:04.670,2.25105,2.25135,1.10,0.80
2007.12.07 08:08:04.808,2.25105,2.2514,1.90,4.00
2007.12.07 08:08:04.945,2.25105,2.2514,2.70,4.00
2007.12.07 08:08:05.139,2.25105,2.25155,5.90,0.80
2007.12.07 08:08:05.398,2.25105,2.25155,5.90,0.80
2007.12.07 08:08:06.155,2.25105,2.25155,7.10,0.80
2007.12.07 08:08:06.624,2.25115,2.25155,1.10,0.80
2007.12.07 08:08:06.778,2.25115,2.2516,1.90,4.00
2007.12.07 08:08:06.934,2.25115,2.25165,1.90,0.90
2007.12.07 08:08:07.083,2.25115,2.25175,5.10,0.90
2007.12.07 08:08:07.262,2.25125,2.25175,1.90,0.90
2007.12.07 08:08:07.457,2.25125,2.2518,1.90,4.90
2007.12.07 08:08:07.540,2.25125,2.25175,5.10,0.80
2007.12.07 08:08:07.718,2.25125,2.2518,4.00,4.80
2007.12.07 08:08:07.896,2.25125,2.25175,2.40,0.90
2007.12.07 08:08:08.074,2.25115,2.2518,5.50,4.90
2007.12.07 08:08:08.382,2.25115,2.2518,5.50,4.90
2007.12.07 08:08:08.690,2.25115,2.2518,5.50,4.90
2007.12.07 08:08:09.005,2.25125,2.25175,1.10,0.90
2007.12.07 08:08:09.307,2.25125,2.2518,1.90,4.90
2007.12.07 08:08:09.516,2.25125,2.25175,1.90,0.90
2007.12.07 08:08:09.724,2.25125,2.2518,5.10,4.80
2007.12.07 08:08:10.378,2.25125,2.25175,5.10,0.80
2007.12.07 08:08:12.201,2.25125,2.25175,5.10,0.80
2007.12.07 08:08:12.846,2.25125,2.2518,6.30,4.80
2007.12.07 08:08:13.014,2.25145,2.2518,1.10,4.80
2007.12.07 08:08:13.181,2.25145,2.25175,4.30,0.80
2007.12.07 08:08:13.349,2.25145,2.2518,4.30,4.80
2007.12.07 08:08:13.487,2.25145,2.25195,5.10,1.60
2007.12.07 08:08:15.071,2.25145,2.25195,5.10,1.60
2007.12.07 08:08:15.463,2.25145,2.25195,5.10,1.60
2007.12.07 08:08:15.577,2.25145,2.25195,5.10,1.60
2007.12.07 08:08:15.696,2.25145,2.25195,5.10,1.60
2007.12.07 08:08:15.809,2.25145,2.2519,5.10,0.80
2007.12.07 08:08:16.126,2.25145,2.25195,5.10,1.60
2007.12.07 08:08:16.393,2.25145,2.2519,4.00,0.80
2007.12.07 08:08:16.726,2.25145,2.2519,3.20,0.80
2007.12.07 08:08:17.060,2.25145,2.2519,0.80,0.80
2007.12.07 08:08:17.394,2.25145,2.2519,0.80,0.80
2007.12.07 08:08:18.065,2.25145,2.25195,0.80,1.70
2007.12.07 08:08:18.975,2.25145,2.25195,0.80,1.70
2007.12.07 08:08:19.138,2.25145,2.2519,0.80,0.80
2007.12.07 08:08:19.302,2.25145,2.25195,0.80,1.70
2007.12.07 08:08:20.208,2.25145,2.25195,0.80,1.70
2007.12.07 08:08:20.316,2.25145,2.25195,1.60,1.70
2007.12.07 08:08:21.445,2.25145,2.25195,1.60,1.70
2007.12.07 08:08:21.558,2.25145,2.25195,2.70,1.70
2007.12.07 08:08:21.671,2.25145,2.2519,2.70,0.80
2007.12.07 08:08:21.760,2.25145,2.25195,5.90,1.60
2007.12.07 08:08:23.230,2.25145,2.25195,5.90,1.60
2007.12.07 08:08:25.497,2.25145,2.25195,5.90,1.60
2007.12.07 08:08:25.611,2.25145,2.2519,4.80,0.80
2007.12.07 08:08:25.667,2.25145,2.25195,4.80,1.60
2007.12.07 08:08:25.771,2.25145,2.2519,4.80,0.80
2007.12.07 08:08:25.818,2.25145,2.25185,3.20,1.00
2007.12.07 08:08:26.151,2.25145,2.2519,0.80,5.70
2007.12.07 08:08:26.483,2.25145,2.25185,0.80,0.90
2007.12.07 08:08:26.818,2.25145,2.2519,0.80,8.10
2007.12.07 08:08:27.021,2.25145,2.25175,0.80,0.90
2007.12.07 08:08:27.223,2.25145,2.2519,0.80,5.70
2007.12.07 08:08:27.427,2.25145,2.2519,0.80,5.70
2007.12.07 08:08:27.629,2.25145,2.2519,0.80,5.70
2007.12.07 08:08:27.833,2.25145,2.25185,4.00,0.90
2007.12.07 08:08:28.042,2.25145,2.2519,4.00,1.70
2007.12.07 08:08:28.250,2.25145,2.2519,1.60,1.60
2007.12.07 08:08:28.458,2.25145,2.2519,1.60,5.60
2007.12.07 08:08:28.667,2.25145,2.2519,0.80,5.70
2007.12.07 08:08:28.875,2.25145,2.2519,3.20,1.70
2007.12.07 08:08:29.123,2.25145,2.2519,4.00,0.80
2007.12.07 08:08:29.415,2.25145,2.25185,4.00,0.80
2007.12.07 08:08:29.663,2.25145,2.25185,4.00,0.90
2007.12.07 08:08:29.941,2.25145,2.25185,4.00,0.90
2007.12.07 08:08:30.268,2.25145,2.25195,4.00,1.70
2007.12.07 08:08:30.426,2.25145,2.2519,4.00,0.80
2007.12.07 08:08:30.583,2.25145,2.25195,1.60,1.70
2007.12.07 08:08:30.742,2.25145,2.25185,0.80,0.90
2007.12.07 08:08:31.193,2.25145,2.2519,0.80,1.70
2007.12.07 08:08:31.328,2.25145,2.2519,0.80,8.10
2007.12.07 08:08:31.460,2.25145,2.25175,0.80,0.90
2007.12.07 08:08:33.986,2.25145,2.2519,0.80,8.10
2007.12.07 08:08:34.009,2.25145,2.2519,0.80,8.10
2007.12.07 08:08:34.049,2.25145,2.25175,0.80,0.90
2007.12.07 08:08:34.204,2.25145,2.2519,0.80,5.70
2007.12.07 08:08:34.247,2.25145,2.25185,0.80,0.90
2007.12.07 08:08:34.687,2.25145,2.25185,0.60,0.90
2007.12.07 08:08:35.954,2.25135,2.25185,0.80,0.90
2007.12.07 08:08:37.008,2.25135,2.25185,0.80,0.90
2007.12.07 08:08:39.128,2.25135,2.25185,0.80,0.90
2007.12.07 08:08:39.208,2.25135,2.25185,0.80,0.90
2007.12.07 08:08:39.261,2.25125,2.25175,5.10,0.80
2007.12.07 08:08:40.049,2.25125,2.25175,5.10,0.80
2007.12.07 08:08:41.113,2.25125,2.25175,5.10,0.80
2007.12.07 08:08:41.262,2.25125,2.25175,4.00,0.80
2007.12.07 08:08:41.411,2.25125,2.25175,2.40,0.90
2007.12.07 08:08:41.558,2.25125,2.25175,2.40,0.90
2007.12.07 08:08:41.706,2.25125,2.25175,2.40,0.90
2007.12.07 08:08:41.862,2.25125,2.25155,2.40,0.80
2007.12.07 08:08:42.010,2.25125,2.25155,2.40,0.80
2007.12.07 08:08:42.244,2.25105,2.25155,5.10,0.80
2007.12.07 08:08:42.604,2.25105,2.25155,5.10,0.80
2007.12.07 08:08:43.137,2.25105,2.25155,4.00,0.80
2007.12.07 08:08:43.313,2.25095,2.25155,8.30,0.90
2007.12.07 08:08:43.491,2.25095,2.25155,4.30,0.90
2007.12.07 08:08:45.299,2.25095,2.25155,4.30,0.90
2007.12.07 08:08:46.327,2.25095,2.25155,4.30,0.90
2007.12.07 08:08:46.663,2.25105,2.25155,1.10,0.90
2007.12.07 08:08:46.795,2.25105,2.25155,1.10,0.90
2007.12.07 08:08:46.928,2.25105,2.25155,1.10,0.90
2007.12.07 08:08:47.061,2.25105,2.25155,5.10,0.80
2007.12.07 08:08:47.195,2.25105,2.25155,5.10,0.80
2007.12.07 08:08:48.031,2.25105,2.25155,5.10,0.80
2007.12.07 08:08:48.800,2.25105,2.25155,5.10,0.80
2007.12.07 08:08:49.172,2.25105,2.25155,5.10,0.80
2007.12.07 08:08:49.627,2.25105,2.25155,5.10,0.80
2007.12.07 08:08:52.480,2.25105,2.25155,5.10,0.80
2007.12.07 08:08:52.772,2.25105,2.25155,5.10,0.80
2007.12.07 08:08:52.990,2.2512,2.25155,1.10,0.80
2007.12.07 08:08:53.082,2.2513,2.25155,1.10,0.80
2007.12.07 08:08:53.154,2.2513,2.25155,1.10,0.80
2007.12.07 08:08:53.186,2.2513,2.25155,1.10,0.80
2007.12.07 08:08:53.263,2.2513,2.25155,1.10,0.80
2007.12.07 08:08:53.295,2.2513,2.25155,1.10,0.80
2007.12.07 08:08:53.338,2.2513,2.25165,1.10,0.90
2007.12.07 08:08:53.374,2.2513,2.25165,1.10,0.90
2007.12.07 08:08:53.434,2.25135,2.2518,0.80,5.20
2007.12.07 08:08:53.478,2.25135,2.2518,0.80,1.20
2007.12.07 08:08:53.770,2.25135,2.2518,3.20,1.20
2007.12.07 08:08:54.063,2.25135,2.2519,3.20,2.00
2007.12.07 08:08:54.357,2.25135,2.2519,4.30,2.00
2007.12.07 08:08:54.651,2.25135,2.2519,3.20,2.00
2007.12.07 08:08:54.799,2.25135,2.2519,2.40,2.00
2007.12.07 08:08:54.993,2.25125,2.25185,2.40,0.90
2007.12.07 08:08:55.142,2.25125,2.2518,2.40,2.40
2007.12.07 08:08:55.291,2.25125,2.25155,2.40,0.80
2007.12.07 08:08:55.440,2.25125,2.25155,2.40,0.80
2007.12.07 08:08:55.594,2.25125,2.25155,2.40,0.80
2007.12.07 08:08:55.857,2.25125,2.25165,2.40,0.80
2007.12.07 08:08:56.121,2.25115,2.25165,2.40,0.80
2007.12.07 08:08:56.383,2.25115,2.25175,3.20,0.90
2007.12.07 08:08:56.647,2.25125,2.25175,2.40,0.80
2007.12.07 08:08:57.017,2.25125,2.25175,2.40,0.80
2007.12.07 08:08:57.265,2.25125,2.25175,2.40,0.80
2007.12.07 08:08:57.514,2.25125,2.2518,2.40,1.20
2007.12.07 08:08:57.762,2.25125,2.2518,2.40,1.20
2007.12.07 08:08:58.182,2.25125,2.2518,2.40,1.20
2007.12.07 08:08:58.347,2.25125,2.2518,2.40,9.00
2007.12.07 08:08:58.520,2.25115,2.25175,2.40,0.90
2007.12.07 08:08:58.693,2.25115,2.25165,2.40,0.80
2007.12.07 08:08:58.931,2.25105,2.25165,2.40,0.90
2007.12.07 08:08:59.177,2.25105,2.25155,3.50,0.80
2007.12.07 08:08:59.408,2.25105,2.25155,3.50,0.80
2007.12.07 08:08:59.646,2.25105,2.25165,4.30,0.90
2007.12.07 08:08:59.943,2.25105,2.25165,3.20,0.90
2007.12.07 08:09:00.122,2.25105,2.25165,3.20,3.30
2007.12.07 08:09:00.338,2.25095,2.25155,8.30,0.90
2007.12.07 08:09:00.516,2.25095,2.25155,4.30,0.90
2007.12.07 08:09:02.077,2.25095,2.25155,4.30,0.90
2007.12.07 08:09:03.458,2.25095,2.25155,3.20,0.90
2007.12.07 08:09:03.541,2.25095,2.25155,3.20,0.90
2007.12.07 08:09:03.608,2.25095,2.25145,2.40,0.80
2007.12.07 08:09:03.676,2.25095,2.25145,2.40,0.80
2007.12.07 08:09:03.858,2.25095,2.25145,2.40,0.80
2007.12.07 08:09:03.987,2.25085,2.25145,5.50,0.90
2007.12.07 08:09:04.115,2.25085,2.25145,4.30,0.90
2007.12.07 08:09:04.243,2.25085,2.25145,4.30,0.90
2007.12.07 08:09:04.497,2.25085,2.25145,3.20,0.90
2007.12.07 08:09:04.625,2.25085,2.25135,2.40,0.80
2007.12.07 08:09:04.997,2.2508,2.25135,3.50,0.80
2007.12.07 08:09:05.024,2.25075,2.25135,11.60,0.80
2007.12.07 08:09:05.147,2.25075,2.25145,10.80,0.90
2007.12.07 08:09:05.276,2.25075,2.25145,10.80,0.90
2007.12.07 08:09:05.697,2.25085,2.25145,1.60,0.90
2007.12.07 08:09:05.820,2.25075,2.25145,3.60,0.90
2007.12.07 08:09:07.340,2.25075,2.25145,3.60,0.90
2007.12.07 08:09:11.539,2.25075,2.25145,3.60,0.90
2007.12.07 08:09:11.746,2.25075,2.25145,3.60,0.90
2007.12.07 08:09:11.943,2.25075,2.25145,3.60,0.90
2007.12.07 08:09:12.139,2.25055,2.25135,7.70,0.90
2007.12.07 08:09:12.575,2.25055,2.25135,7.70,0.90
2007.12.07 08:09:12.773,2.25065,2.25135,3.60,0.90
2007.12.07 08:09:12.972,2.25075,2.25135,1.60,0.90
2007.12.07 08:09:13.499,2.25065,2.25135,4.70,0.90
2007.12.07 08:09:13.737,2.2506,2.25125,5.80,0.90
2007.12.07 08:09:13.976,2.25065,2.25125,1.60,0.90
2007.12.07 08:09:15.578,2.25065,2.25125,0.90,0.90
2007.12.07 08:09:15.712,2.2506,2.25125,5.50,0.90
2007.12.07 08:09:15.846,2.2506,2.25125,5.50,0.90
2007.12.07 08:09:15.979,2.2506,2.25115,4.70,0.80
2007.12.07 08:09:16.114,2.25065,2.25115,1.30,0.90
2007.12.07 08:09:16.317,2.25055,2.25115,1.00,0.90
2007.12.07 08:09:16.521,2.2505,2.25115,6.60,0.90
2007.12.07 08:09:17.557,2.2505,2.25115,5.50,0.90
2007.12.07 08:09:17.711,2.25055,2.25105,1.60,0.90
2007.12.07 08:09:17.862,2.25055,2.25105,0.50,0.90
2007.12.07 08:09:18.015,2.2505,2.25105,4.70,0.90
2007.12.07 08:09:18.168,2.2505,2.25105,2.30,0.90
2007.12.07 08:09:18.363,2.2505,2.25105,2.30,0.90
2007.12.07 08:09:21.502,2.25045,2.25105,5.50,0.90
2007.12.07 08:09:21.696,2.25045,2.25105,5.50,0.90
2007.12.07 08:09:21.890,2.25045,2.25105,5.50,0.90
2007.12.07 08:09:22.641,2.2505,2.25105,3.40,0.90
2007.12.07 08:09:22.804,2.25055,2.25105,0.90,0.90
2007.12.07 08:09:22.967,2.2505,2.25105,3.40,0.90
2007.12.07 08:09:23.130,2.25055,2.25105,1.00,0.80
2007.12.07 08:09:23.994,2.25075,2.25105,0.70,0.80
2007.12.07 08:09:24.147,2.2507,2.25105,4.60,0.80
2007.12.07 08:09:24.300,2.2507,2.25115,6.20,0.90
2007.12.07 08:09:24.455,2.25075,2.25115,1.50,0.90
2007.12.07 08:09:24.638,2.2507,2.25135,8.60,0.90
2007.12.07 08:09:24.822,2.2508,2.25135,2.20,0.90
2007.12.07 08:09:25.006,2.25085,2.25135,0.80,0.90
2007.12.07 08:09:25.189,2.2508,2.25145,5.40,0.90
2007.12.07 08:09:25.372,2.25085,2.25145,2.50,0.90
2007.12.07 08:09:25.804,2.25085,2.25145,1.40,0.90
2007.12.07 08:09:26.702,2.2508,2.25145,5.40,0.90
2007.12.07 08:09:28.136,2.25095,2.25145,0.80,0.90
2007.12.07 08:09:28.253,2.2509,2.25145,6.20,0.90
2007.12.07 08:09:28.373,2.2509,2.25145,6.20,0.90
2007.12.07 08:09:28.541,2.2509,2.25155,8.60,0.90
2007.12.07 08:09:29.390,2.25095,2.25155,4.10,0.90
2007.12.07 08:09:29.627,2.25095,2.25155,1.80,0.90
2007.12.07 08:09:29.761,2.2509,2.25155,8.60,0.90
2007.12.07 08:09:30.011,2.251,2.25155,2.20,0.90
2007.12.07 08:09:30.214,2.251,2.25155,2.20,0.90
2007.12.07 08:09:30.424,2.251,2.25155,2.20,0.90
2007.12.07 08:09:30.620,2.251,2.25155,6.20,0.80
2007.12.07 08:09:30.823,2.251,2.25155,6.20,0.80
2007.12.07 08:09:31.042,2.25095,2.25155,11.50,0.80
2007.12.07 08:09:31.134,2.25095,2.25155,11.50,0.80
2007.12.07 08:09:31.228,2.25095,2.25155,11.50,0.80
2007.12.07 08:09:31.367,2.2509,2.25155,12.60,0.90
2007.12.07 08:09:31.460,2.2509,2.25155,8.60,0.90
2007.12.07 08:09:34.577,2.25095,2.25155,6.40,0.90
2007.12.07 08:09:34.634,2.25095,2.25145,6.40,0.80
2007.12.07 08:09:34.687,2.25095,2.25145,4.00,0.80
2007.12.07 08:09:34.775,2.25095,2.25145,4.00,0.80
2007.12.07 08:09:34.846,2.25095,2.25145,0.80,0.90
2007.12.07 08:09:34.899,2.25095,2.25145,0.80,0.90
2007.12.07 08:09:35.086,2.25095,2.25145,1.90,0.90
2007.12.07 08:09:35.146,2.25095,2.25145,1.90,0.90
2007.12.07 08:09:35.259,2.25095,2.25145,4.30,0.90
2007.12.07 08:09:35.372,2.25095,2.25155,7.50,0.90
2007.12.07 08:09:35.485,2.25095,2.25155,7.50,0.90
2007.12.07 08:09:39.214,2.25095,2.25155,7.50,0.90
2007.12.07 08:09:39.273,2.25095,2.25155,7.50,0.90
2007.12.07 08:09:40.203,2.25095,2.25155,7.50,0.90
2007.12.07 08:09:45.081,2.25095,2.25155,7.50,0.90
2007.12.07 08:09:45.218,2.25095,2.25155,7.50,0.90
2007.12.07 08:09:45.588,2.25095,2.25155,7.50,0.90
2007.12.07 08:09:45.750,2.25095,2.25155,7.50,0.90
2007.12.07 08:09:47.218,2.25095,2.25155,7.50,0.90
2007.12.07 08:09:50.125,2.25095,2.25155,7.50,0.90
2007.12.07 08:09:50.207,2.25095,2.25155,7.50,0.90
2007.12.07 08:09:51.445,2.25095,2.25155,7.50,0.90
2007.12.07 08:09:52.166,2.25095,2.25155,7.50,0.90
2007.12.07 08:09:53.102,2.25095,2.25155,7.50,0.90
2007.12.07 08:09:57.713,2.25095,2.2515,7.50,4.00
2007.12.07 08:09:58.016,2.25095,2.2515,7.50,4.00
2007.12.07 08:09:58.136,2.25095,2.2515,7.50,4.00
2007.12.07 08:09:58.626,2.25095,2.2515,6.40,4.00
2007.12.07 08:09:58.841,2.25095,2.25145,4.00,0.80
2007.12.07 08:09:59.267,2.25095,2.25145,4.00,0.80
2007.12.07 08:10:00.090,2.25095,2.25145,5.10,0.80
2007.12.07 08:10:00.293,2.25095,2.2515,7.50,4.00
2007.12.07 08:10:00.487,2.25095,2.2515,7.50,4.00
2007.12.07 08:10:00.679,2.25095,2.25155,7.50,0.90
2007.12.07 08:10:01.614,2.25095,2.2516,7.50,6.10
2007.12.07 08:10:02.140,2.25095,2.25155,6.40,0.90
2007.12.07 08:10:02.288,2.25095,2.25155,4.00,0.90
2007.12.07 08:10:02.436,2.25095,2.25155,2.40,1.00
2007.12.07 08:10:02.591,2.25085,2.2516,5.50,8.50
2007.12.07 08:10:02.782,2.25085,2.25145,5.50,0.90
2007.12.07 08:10:02.992,2.25085,2.2516,4.30,8.50
2007.12.07 08:10:09.734,2.25085,2.2516,4.30,7.30
2007.12.07 08:10:09.822,2.25095,2.2516,2.40,7.30
2007.12.07 08:10:09.911,2.25095,2.2516,3.20,7.30
2007.12.07 08:10:10.046,2.25095,2.25145,7.20,0.90
2007.12.07 08:10:10.255,2.25095,2.2516,7.20,8.50
2007.12.07 08:10:10.347,2.25095,2.25145,4.80,0.90
2007.12.07 08:10:10.435,2.25095,2.2516,4.00,8.50
2007.12.07 08:10:10.768,2.25085,2.2516,4.30,8.50
2007.12.07 08:10:11.606,2.25085,2.2516,4.30,8.50
2007.12.07 08:10:13.500,2.25085,2.2516,4.30,8.50
2007.12.07 08:10:13.692,2.25085,2.2516,4.30,8.50
2007.12.07 08:10:20.814,2.25085,2.2516,4.30,8.50
2007.12.07 08:10:24.531,2.25085,2.2516,4.30,8.50
2007.12.07 08:10:27.772,2.25085,2.2516,4.30,8.50
2007.12.07 08:10:27.870,2.25085,2.2516,6.70,8.50
2007.12.07 08:10:27.926,2.25085,2.2516,6.70,8.50
2007.12.07 08:10:27.968,2.25085,2.25145,7.50,0.90
2007.12.07 08:10:35.257,2.25095,2.25145,0.80,0.90
2007.12.07 08:10:35.338,2.25095,2.25145,3.20,0.90
2007.12.07 08:10:35.474,2.251,2.25145,4.00,0.90
2007.12.07 08:10:35.557,2.251,2.25145,4.00,0.90
2007.12.07 08:10:35.630,2.251,2.25145,4.80,0.90
2007.12.07 08:10:35.703,2.251,2.25145,4.80,0.90
2007.12.07 08:10:35.776,2.251,2.25145,4.00,0.90
2007.12.07 08:10:35.881,2.251,2.25145,4.00,0.90
2007.12.07 08:10:36.024,2.25095,2.25145,0.80,0.90
2007.12.07 08:10:36.104,2.25095,2.25145,2.40,0.80
2007.12.07 08:10:36.170,2.25095,2.25145,2.40,0.80
2007.12.07 08:10:36.273,2.25095,2.25155,3.20,0.90
2007.12.07 08:10:36.347,2.25095,2.25155,3.20,0.90
2007.12.07 08:10:36.583,2.25095,2.25155,3.20,0.90
2007.12.07 08:10:38.028,2.25095,2.25155,3.20,0.90
2007.12.07 08:10:38.876,2.25095,2.25155,3.20,0.90
2007.12.07 08:10:39.528,2.25095,2.25155,3.20,0.90
2007.12.07 08:10:39.960,2.25095,2.25155,3.20,0.90
2007.12.07 08:10:40.503,2.25095,2.25155,3.20,0.90
2007.12.07 08:10:40.718,2.25095,2.25155,3.20,0.90
2007.12.07 08:10:41.658,2.25095,2.25155,3.20,0.90
2007.12.07 08:10:41.826,2.25095,2.25155,3.20,0.90
2007.12.07 08:10:41.956,2.25095,2.25145,2.40,0.80
2007.12.07 08:10:42.143,2.25085,2.25145,5.50,0.90
2007.12.07 08:10:43.161,2.25085,2.25145,5.50,0.90
2007.12.07 08:10:43.633,2.2511,2.25145,1.10,0.90
2007.12.07 08:10:43.920,2.25115,2.2516,0.80,4.00
2007.12.07 08:10:44.095,2.25115,2.2516,0.80,4.00
2007.12.07 08:10:44.269,2.25115,2.25155,0.80,0.80
2007.12.07 08:10:44.442,2.25115,2.25155,0.80,0.80
2007.12.07 08:10:44.656,2.251,2.25155,1.10,0.90
2007.12.07 08:10:45.982,2.25105,2.25155,2.40,0.80
2007.12.07 08:10:46.499,2.251,2.25155,1.10,0.90
2007.12.07 08:10:47.900,2.251,2.25155,0.50,0.90
2007.12.07 08:10:52.154,2.251,2.25155,1.10,0.90
2007.12.07 08:10:52.940,2.251,2.25155,1.10,0.90
2007.12.07 08:10:53.166,2.25095,2.25155,11.60,0.90
2007.12.07 08:10:53.344,2.25095,2.25145,6.00,0.90
2007.12.07 08:10:53.523,2.25095,2.25145,2.00,0.90
2007.12.07 08:10:53.814,2.25095,2.25145,4.40,0.90
2007.12.07 08:10:54.646,2.25095,2.25145,2.00,0.90
2007.12.07 08:10:55.354,2.25095,2.25145,2.00,0.90
2007.12.07 08:10:55.651,2.25095,2.25145,2.00,0.90
2007.12.07 08:10:57.630,2.25095,2.25145,2.00,0.90
2007.12.07 08:10:58.653,2.251,2.25145,1.10,0.90
2007.12.07 08:10:58.791,2.251,2.25145,1.10,0.90
2007.12.07 08:10:58.936,2.251,2.25155,1.10,0.90
2007.12.07 08:11:00.495,2.251,2.25155,1.10,0.90
2007.12.07 08:11:00.783,2.251,2.25155,1.10,0.90
2007.12.07 08:11:01.937,2.251,2.25155,1.10,0.90
2007.12.07 08:11:04.843,2.251,2.25155,1.10,0.90
2007.12.07 08:11:05.184,2.2511,2.25155,1.10,0.90
2007.12.07 08:11:05.389,2.25115,2.25155,0.80,0.90
2007.12.07 08:11:05.593,2.25115,2.25165,0.80,0.90
2007.12.07 08:11:05.796,2.25115,2.25165,0.80,0.90
2007.12.07 08:11:05.999,2.25115,2.25165,0.80,0.90
2007.12.07 08:11:06.203,2.25115,2.25165,0.80,0.90
2007.12.07 08:11:06.465,2.25105,2.25145,2.40,0.90
2007.12.07 08:11:06.734,2.251,2.25145,1.10,0.90
2007.12.07 08:11:06.998,2.2511,2.25145,1.10,0.90
2007.12.07 08:11:07.268,2.2511,2.25155,1.10,0.90
2007.12.07 08:11:07.454,2.2511,2.25155,1.10,0.90
2007.12.07 08:11:07.674,2.2511,2.25155,1.10,0.90
2007.12.07 08:11:07.908,2.25105,2.25155,0.80,0.90
2007.12.07 08:11:08.328,2.251,2.25155,1.10,0.90
2007.12.07 08:11:08.668,2.251,2.25155,1.10,0.90
2007.12.07 08:11:10.108,2.25105,2.25155,2.40,0.80
2007.12.07 08:11:10.301,2.25105,2.25155,2.40,0.80
2007.12.07 08:11:10.553,2.251,2.25155,1.10,0.90
2007.12.07 08:11:11.182,2.251,2.25155,1.10,0.90
2007.12.07 08:11:11.352,2.25105,2.25155,2.40,0.80
2007.12.07 08:11:11.723,2.2511,2.25155,1.10,0.80
2007.12.07 08:11:11.878,2.2511,2.2516,1.10,4.00
2007.12.07 08:11:12.097,2.2511,2.25165,1.10,0.90
2007.12.07 08:11:12.250,2.25115,2.25165,2.40,0.80
2007.12.07 08:11:12.388,2.25115,2.25165,2.40,0.80
2007.12.07 08:11:13.115,2.25115,2.25165,2.40,0.80
2007.12.07 08:11:13.270,2.25115,2.25165,2.40,0.80
2007.12.07 08:11:13.434,2.2512,2.25165,1.10,0.80
2007.12.07 08:11:13.597,2.2513,2.25165,1.10,0.80
2007.12.07 08:11:13.760,2.2513,2.25175,1.10,0.90
2007.12.07 08:11:13.924,2.2513,2.25175,1.10,0.80
2007.12.07 08:11:15.663,2.25125,2.25175,4.00,0.80
2007.12.07 08:11:15.736,2.25125,2.25175,4.00,0.80
2007.12.07 08:11:15.828,2.25125,2.25175,4.00,0.80
2007.12.07 08:11:15.896,2.25125,2.25175,2.40,0.90
2007.12.07 08:11:15.964,2.25125,2.25175,2.40,0.90
2007.12.07 08:11:16.070,2.25125,2.25175,2.40,0.90
2007.12.07 08:11:16.142,2.25125,2.25175,2.40,0.90
2007.12.07 08:11:16.210,2.25125,2.25165,2.40,0.80
2007.12.07 08:11:16.284,2.25125,2.25165,2.40,0.80
2007.12.07 08:11:16.396,2.2511,2.25155,1.10,0.80
2007.12.07 08:11:16.503,2.2511,2.25155,1.10,0.80
2007.12.07 08:11:16.748,2.2511,2.25155,1.10,0.80
2007.12.07 08:11:17.026,2.25115,2.25155,2.40,0.80
2007.12.07 08:11:17.304,2.25115,2.25155,3.50,0.80
2007.12.07 08:11:17.582,2.25115,2.25155,4.30,0.80
2007.12.07 08:11:17.860,2.25125,2.25155,1.10,0.80
2007.12.07 08:11:17.988,2.25125,2.25155,4.30,0.80
2007.12.07 08:11:18.389,2.25125,2.25155,4.30,0.80
2007.12.07 08:11:18.517,2.25125,2.25165,4.30,0.80
2007.12.07 08:11:19.207,2.25125,2.25165,4.30,0.80
2007.12.07 08:11:19.360,2.25125,2.25165,4.30,0.80
2007.12.07 08:11:19.620,2.25125,2.25165,4.30,0.80
2007.12.07 08:11:19.773,2.25125,2.25165,3.20,0.80
2007.12.07 08:11:19.926,2.25125,2.2516,3.20,4.00
2007.12.07 08:11:20.079,2.25125,2.2516,2.40,4.00
2007.12.07 08:11:20.327,2.25125,2.25145,2.40,0.80
2007.12.07 08:11:20.576,2.25115,2.25145,2.40,0.80
2007.12.07 08:11:20.824,2.25115,2.25145,2.40,0.80
2007.12.07 08:11:21.072,2.25105,2.25145,3.60,0.80
2007.12.07 08:11:21.289,2.25105,2.25145,2.40,0.80
2007.12.07 08:11:21.668,2.25095,2.25145,6.30,0.80
2007.12.07 08:11:21.881,2.25105,2.25145,3.50,0.80
2007.12.07 08:11:22.095,2.25105,2.25165,8.70,0.90
2007.12.07 08:11:22.314,2.2511,2.25165,1.10,0.90
2007.12.07 08:11:22.481,2.2511,2.25165,1.10,0.90
2007.12.07 08:11:22.654,2.25115,2.25165,0.80,0.90
2007.12.07 08:11:22.889,2.25125,2.25165,1.10,0.90
2007.12.07 08:11:23.064,2.25135,2.25185,2.40,0.90
2007.12.07 08:11:23.245,2.25135,2.25185,2.40,0.90
2007.12.07 08:11:23.503,2.25135,2.25185,2.40,0.90
2007.12.07 08:11:23.850,2.25135,2.25185,2.40,0.90
2007.12.07 08:11:24.282,2.25135,2.25185,2.40,0.90
2007.12.07 08:11:24.502,2.25135,2.25185,2.40,0.90
2007.12.07 08:11:24.727,2.25135,2.25185,2.40,0.90
2007.12.07 08:11:25.041,2.25135,2.25185,2.40,0.90
2007.12.07 08:11:25.278,2.25135,2.25185,2.40,0.90
2007.12.07 08:11:25.459,2.25135,2.25185,3.50,0.90
2007.12.07 08:11:25.635,2.25135,2.25185,4.30,0.80
2007.12.07 08:11:27.586,2.25145,2.25185,2.40,0.80
2007.12.07 08:11:27.784,2.25145,2.25185,2.40,0.80
2007.12.07 08:11:27.962,2.25145,2.25185,2.40,0.90
2007.12.07 08:11:28.096,2.25145,2.25185,2.40,0.90
2007.12.07 08:11:28.228,2.25135,2.25185,3.20,0.90
2007.12.07 08:11:29.141,2.25135,2.25185,3.20,0.90
2007.12.07 08:11:29.406,2.25115,2.25165,4.40,0.90
2007.12.07 08:11:29.710,2.25115,2.25165,4.40,0.90
2007.12.07 08:11:29.881,2.2512,2.25165,1.10,0.90
2007.12.07 08:11:30.094,2.2512,2.25165,1.10,0.80
2007.12.07 08:11:30.246,2.2512,2.25165,1.10,0.80
2007.12.07 08:11:30.400,2.2512,2.25165,1.10,0.80
2007.12.07 08:11:30.638,2.25125,2.25175,2.40,0.80
2007.12.07 08:11:30.877,2.25125,2.25175,2.40,0.80
2007.12.07 08:11:31.126,2.25125,2.25175,2.40,0.80
2007.12.07 08:11:31.366,2.25125,2.2517,2.40,4.00
2007.12.07 08:11:31.603,2.25115,2.25165,3.20,0.90
2007.12.07 08:11:31.940,2.25115,2.25165,3.20,0.90
2007.12.07 08:11:32.179,2.25115,2.25165,3.20,0.90
2007.12.07 08:11:32.417,2.25115,2.25165,3.20,0.90
2007.12.07 08:11:32.565,2.25105,2.25155,2.40,0.80
2007.12.07 08:11:33.139,2.25105,2.25155,2.40,0.80
2007.12.07 08:11:35.772,2.25105,2.25155,2.40,0.80
2007.12.07 08:11:35.911,2.2511,2.25155,1.10,0.80
2007.12.07 08:11:36.050,2.25125,2.25155,2.40,0.80
2007.12.07 08:11:36.188,2.25125,2.25165,2.40,0.90
2007.12.07 08:11:36.330,2.25125,2.25165,2.40,0.90
2007.12.07 08:11:36.468,2.25125,2.25165,2.40,0.90
2007.12.07 08:11:36.606,2.25115,2.25165,3.20,0.90
2007.12.07 08:11:36.848,2.25115,2.25165,7.20,0.90
2007.12.07 08:11:37.092,2.25115,2.25165,3.20,0.90
2007.12.07 08:11:37.334,2.25115,2.25165,3.20,0.90
2007.12.07 08:11:37.649,2.25115,2.25165,3.20,0.90
2007.12.07 08:11:37.859,2.25115,2.25145,2.40,0.90
2007.12.07 08:11:38.077,2.25105,2.25145,2.40,0.80
2007.12.07 08:11:38.285,2.25125,2.2515,1.10,4.00
2007.12.07 08:11:38.494,2.25125,2.25155,1.10,0.80
2007.12.07 08:11:38.702,2.25125,2.25185,4.30,0.90
2007.12.07 08:11:38.975,2.2513,2.25185,1.10,0.90
2007.12.07 08:11:39.249,2.25135,2.2519,3.20,4.80
2007.12.07 08:11:39.521,2.25135,2.2519,4.30,4.80
2007.12.07 08:11:40.010,2.25135,2.2519,4.30,4.80
2007.12.07 08:11:40.139,2.25135,2.2519,4.30,0.80
2007.12.07 08:11:40.262,2.25135,2.2519,3.20,0.80
2007.12.07 08:11:40.385,2.25135,2.2519,3.20,0.80
2007.12.07 08:11:40.532,2.25145,2.2519,2.40,0.80
2007.12.07 08:11:40.749,2.2515,2.2519,1.10,0.80
2007.12.07 08:11:40.947,2.2515,2.2519,1.10,0.80
2007.12.07 08:11:41.146,2.2515,2.2519,1.10,0.80
2007.12.07 08:11:41.371,2.2515,2.25195,1.10,1.70
2007.12.07 08:11:41.387,2.25155,2.25205,2.40,1.60
2007.12.07 08:11:41.589,2.25145,2.2519,3.60,0.80
2007.12.07 08:11:41.789,2.25155,2.2519,3.60,0.80
2007.12.07 08:11:42.001,2.2516,2.25215,1.10,1.70
2007.12.07 08:11:42.205,2.25165,2.25215,2.40,1.60
2007.12.07 08:11:42.406,2.25165,2.2519,2.40,0.80
2007.12.07 08:11:42.831,2.25165,2.25215,2.40,1.60
2007.12.07 08:11:43.164,2.2516,2.25215,1.10,1.70
2007.12.07 08:11:43.503,2.2517,2.2519,1.10,0.80
2007.12.07 08:11:43.831,2.2517,2.2519,1.10,0.80
2007.12.07 08:11:44.012,2.2517,2.2519,1.10,0.80
2007.12.07 08:11:44.285,2.25175,2.2519,1.10,0.80
2007.12.07 08:11:44.439,2.25175,2.2519,2.30,0.80
2007.12.07 08:11:44.591,2.25175,2.2519,6.30,0.80
2007.12.07 08:11:44.743,2.25175,2.2519,10.30,0.80
2007.12.07 08:11:45.615,2.25175,2.2519,9.20,0.80
2007.12.07 08:11:45.862,2.25175,2.2519,4.00,0.80
2007.12.07 08:11:46.029,2.25165,2.25205,1.20,1.60
2007.12.07 08:11:46.268,2.25155,2.25205,12.70,1.60
2007.12.07 08:11:47.539,2.25165,2.25205,2.40,1.60
2007.12.07 08:11:48.458,2.25155,2.25205,12.70,1.60
2007.12.07 08:11:48.784,2.25155,2.2519,10.30,0.80
2007.12.07 08:11:50.341,2.25175,2.2519,3.20,0.80
2007.12.07 08:11:50.382,2.25175,2.2519,3.20,0.80
2007.12.07 08:11:50.821,2.25175,2.2519,3.20,0.80
2007.12.07 08:11:50.878,2.25175,2.2519,3.20,0.80
2007.12.07 08:11:50.926,2.25165,2.25215,3.60,1.60
2007.12.07 08:11:51.192,2.25165,2.2519,3.60,0.80
2007.12.07 08:11:51.825,2.25165,2.2519,3.60,0.80
2007.12.07 08:11:52.074,2.25165,2.25215,2.40,1.60
2007.12.07 08:11:52.322,2.25155,2.25215,5.50,1.70
2007.12.07 08:11:52.570,2.2517,2.2519,1.10,0.80
2007.12.07 08:11:52.699,2.2517,2.2519,1.10,0.80
2007.12.07 08:11:52.928,2.2517,2.2519,1.10,0.80
2007.12.07 08:11:53.056,2.25175,2.2519,2.40,0.80
2007.12.07 08:11:53.286,2.25175,2.2519,2.40,0.80
2007.12.07 08:11:53.414,2.25175,2.2519,2.40,0.80
2007.12.07 08:11:53.542,2.25165,2.25215,6.40,1.60
2007.12.07 08:11:53.875,2.25155,2.2519,5.50,0.80
2007.12.07 08:11:54.210,2.25155,2.25215,5.50,1.70
2007.12.07 08:11:54.607,2.25155,2.25215,5.50,1.70
2007.12.07 08:11:54.855,2.25155,2.25215,4.40,1.70
2007.12.07 08:11:54.994,2.25155,2.25215,4.40,1.70
2007.12.07 08:11:55.134,2.25155,2.25205,3.60,1.60
2007.12.07 08:11:56.826,2.25155,2.25205,4.70,1.60
2007.12.07 08:11:57.102,2.25155,2.2519,5.50,0.80
2007.12.07 08:12:01.340,2.25155,2.25215,5.50,1.70
2007.12.07 08:12:01.567,2.25155,2.25215,5.50,1.70
2007.12.07 08:12:02.636,2.25155,2.2519,4.40,0.80
2007.12.07 08:12:02.823,2.25155,2.2519,4.40,0.80
2007.12.07 08:12:02.936,2.25155,2.2519,1.20,0.80
2007.12.07 08:12:03.049,2.25145,2.2519,5.50,0.80
2007.12.07 08:12:03.432,2.25145,2.25195,5.50,1.60
2007.12.07 08:12:03.544,2.25145,2.25195,5.50,1.60
2007.12.07 08:12:03.663,2.25145,2.2519,5.50,0.50
2007.12.07 08:12:03.776,2.25145,2.2519,5.50,5.60
2007.12.07 08:12:03.951,2.25145,2.25185,5.50,0.80
2007.12.07 08:12:04.198,2.25155,2.2519,1.10,5.60
2007.12.07 08:12:04.445,2.25155,2.2519,4.30,0.80
2007.12.07 08:12:05.846,2.25155,2.2519,3.20,0.80
2007.12.07 08:12:06.189,2.2515,2.2519,1.10,0.80
2007.12.07 08:12:06.391,2.25145,2.25205,5.50,1.70
2007.12.07 08:12:06.595,2.25145,2.25205,4.30,1.70
2007.12.07 08:12:07.937,2.25145,2.2519,4.30,0.80
2007.12.07 08:12:08.089,2.25145,2.252,4.30,4.80
2007.12.07 08:12:11.333,2.25145,2.252,3.20,4.80
2007.12.07 08:12:11.431,2.25145,2.2519,3.20,0.80
2007.12.07 08:12:11.530,2.25145,2.252,3.20,4.80
2007.12.07 08:12:11.629,2.25145,2.2519,2.40,0.80
2007.12.07 08:12:11.728,2.25145,2.25195,2.40,1.60
2007.12.07 08:12:11.826,2.25135,2.25195,8.70,1.70
2007.12.07 08:12:11.924,2.25145,2.2519,1.10,0.80
2007.12.07 08:12:12.070,2.25145,2.25195,1.90,1.70
2007.12.07 08:12:12.195,2.25145,2.25195,1.90,1.70
2007.12.07 08:12:12.528,2.25145,2.2519,3.20,0.80
2007.12.07 08:12:12.992,2.25135,2.2519,3.20,5.60
2007.12.07 08:12:13.326,2.25135,2.2519,2.40,5.60
2007.12.07 08:12:13.511,2.25135,2.2519,3.50,1.60
2007.12.07 08:12:13.694,2.25135,2.2519,4.30,0.80
2007.12.07 08:12:13.877,2.25135,2.2519,2.40,1.60
2007.12.07 08:12:14.060,2.25135,2.2519,2.40,1.60
2007.12.07 08:12:14.325,2.25125,2.2519,4.30,1.70
2007.12.07 08:12:14.661,2.25125,2.25185,4.30,0.90
2007.12.07 08:12:14.995,2.25115,2.2519,3.10,16.10
2007.12.07 08:12:15.329,2.25115,2.2519,3.10,17.30
2007.12.07 08:12:15.993,2.25115,2.25175,3.10,3.30
2007.12.07 08:12:16.172,2.25115,2.2517,1.90,4.90
2007.12.07 08:12:16.371,2.25115,2.25165,1.90,1.00
2007.12.07 08:12:16.665,2.25115,2.2516,0.80,4.80
2007.12.07 08:12:16.958,2.25105,2.25155,1.20,3.30
2007.12.07 08:12:17.251,2.25095,2.2515,3.10,4.90
2007.12.07 08:12:17.642,2.25095,2.2515,3.90,4.90
2007.12.07 08:12:17.900,2.25115,2.25155,1.90,4.90
2007.12.07 08:12:18.160,2.25115,2.25155,1.90,0.90
2007.12.07 08:12:18.418,2.25115,2.2517,1.90,4.90
2007.12.07 08:12:18.897,2.25115,2.25165,0.80,0.90
2007.12.07 08:12:19.182,2.2511,2.2517,1.10,4.90
2007.12.07 08:12:19.404,2.2511,2.2517,1.10,4.90
2007.12.07 08:12:19.645,2.25105,2.2517,8.40,4.90
2007.12.07 08:12:19.838,2.25105,2.25165,7.20,3.30
2007.12.07 08:12:20.032,2.25095,2.2515,1.20,4.90
2007.12.07 08:12:20.225,2.2509,2.2515,1.10,4.90
2007.12.07 08:12:20.417,2.25085,2.25145,8.40,0.90
2007.12.07 08:12:20.635,2.25085,2.25145,4.40,3.30
2007.12.07 08:12:20.853,2.25085,2.2515,2.00,11.30
2007.12.07 08:12:21.070,2.25085,2.2515,4.40,11.30
2007.12.07 08:12:21.414,2.25085,2.2515,2.00,11.30
2007.12.07 08:12:21.606,2.25085,2.25135,2.00,0.90
2007.12.07 08:12:21.800,2.25085,2.25135,0.80,9.70
2007.12.07 08:12:21.994,2.25065,2.2512,2.00,3.30
2007.12.07 08:12:22.204,2.25065,2.2512,3.10,3.30
2007.12.07 08:12:22.398,2.25065,2.25115,9.50,0.90
2007.12.07 08:12:22.577,2.25075,2.25125,2.40,0.80
2007.12.07 08:12:22.754,2.25075,2.2513,2.40,3.20
2007.12.07 08:12:22.958,2.25065,2.2513,12.70,3.30
2007.12.07 08:12:23.353,2.2507,2.2513,1.10,3.30
2007.12.07 08:12:23.531,2.2507,2.2514,1.10,9.70
2007.12.07 08:12:23.679,2.2508,2.2514,1.10,8.90
2007.12.07 08:12:23.827,2.25085,2.2514,0.80,6.50
2007.12.07 08:12:23.977,2.25085,2.2515,0.80,13.30
2007.12.07 08:12:24.125,2.25085,2.25135,0.80,0.90
2007.12.07 08:12:24.273,2.25085,2.2515,0.80,10.90
2007.12.07 08:12:25.316,2.25085,2.2515,0.80,7.30
2007.12.07 08:12:26.339,2.25085,2.2515,0.80,9.70
2007.12.07 08:12:26.439,2.25085,2.25135,0.80,0.90
2007.12.07 08:12:26.754,2.25085,2.25135,0.80,0.90
2007.12.07 08:12:28.522,2.25085,2.25145,0.80,1.70
2007.12.07 08:12:29.439,2.25085,2.25145,2.00,1.70
2007.12.07 08:12:30.089,2.2509,2.25135,1.10,0.90
2007.12.07 08:12:30.229,2.2509,2.2515,1.10,7.30
2007.12.07 08:12:30.366,2.2509,2.2515,1.10,4.90
2007.12.07 08:12:30.510,2.2509,2.25155,1.10,1.70
2007.12.07 08:12:30.687,2.25095,2.25155,1.20,1.70
2007.12.07 08:12:30.918,2.25095,2.25155,1.20,1.70
2007.12.07 08:12:31.060,2.25095,2.25155,5.50,0.90
2007.12.07 08:12:31.205,2.25095,2.25155,4.40,0.50
2007.12.07 08:12:31.484,2.25105,2.25145,2.40,1.70
2007.12.07 08:12:31.627,2.25095,2.25135,3.60,0.80
2007.12.07 08:12:32.358,2.25095,2.25145,1.20,1.70
2007.12.07 08:12:33.950,2.25095,2.25145,2.30,1.70
2007.12.07 08:12:34.030,2.25095,2.25145,2.30,1.00
2007.12.07 08:12:34.107,2.25095,2.2515,5.50,4.80
2007.12.07 08:12:34.186,2.25095,2.25155,5.50,1.70
2007.12.07 08:12:34.289,2.25095,2.25145,5.50,0.80
2007.12.07 08:12:35.957,2.25095,2.25145,5.50,0.60
2007.12.07 08:12:36.186,2.25095,2.2515,5.50,5.60
2007.12.07 08:12:36.426,2.25095,2.25145,3.10,0.50
2007.12.07 08:12:37.669,2.25095,2.2515,3.10,5.70
2007.12.07 08:12:37.825,2.25095,2.2515,3.10,5.70
2007.12.07 08:12:38.243,2.25095,2.2515,5.50,5.60
2007.12.07 08:12:39.165,2.25095,2.2515,3.10,5.70
2007.12.07 08:12:40.249,2.25095,2.2515,1.90,5.70
2007.12.07 08:12:43.007,2.25095,2.2515,4.30,5.60
2007.12.07 08:12:44.697,2.25095,2.2515,4.30,5.60
2007.12.07 08:12:44.924,2.25105,2.2515,1.10,5.60
2007.12.07 08:12:45.027,2.25105,2.25145,1.10,0.50
2007.12.07 08:12:45.207,2.25105,2.2515,1.10,4.80
2007.12.07 08:12:45.316,2.25105,2.25145,1.10,0.80
2007.12.07 08:12:45.419,2.25105,2.25155,1.90,0.90
2007.12.07 08:12:45.522,2.25105,2.25165,1.90,1.70
2007.12.07 08:12:45.630,2.25105,2.25165,4.30,0.90
2007.12.07 08:12:47.402,2.25105,2.2517,3.20,6.90
2007.12.07 08:12:47.500,2.25105,2.25165,3.20,0.50
2007.12.07 08:12:47.597,2.25105,2.2517,3.20,9.30
2007.12.07 08:12:47.695,2.25105,2.25155,2.40,0.80
2007.12.07 08:12:48.697,2.25105,2.25155,2.40,0.80
2007.12.07 08:12:51.158,2.2511,2.25165,1.10,1.70
2007.12.07 08:12:51.203,2.2511,2.25155,1.10,0.80
2007.12.07 08:12:51.257,2.2511,2.25165,1.10,1.70
2007.12.07 08:12:51.353,2.2511,2.25165,1.10,1.70
2007.12.07 08:12:51.429,2.25115,2.25165,3.20,0.70
2007.12.07 08:12:52.184,2.25115,2.25165,3.20,0.90
2007.12.07 08:12:52.456,2.25095,2.25145,6.40,0.50
2007.12.07 08:12:52.720,2.25095,2.25145,2.40,0.70
2007.12.07 08:12:52.988,2.25095,2.2515,2.40,5.70
2007.12.07 08:12:55.466,2.25095,2.25145,2.40,1.70
2007.12.07 08:12:55.661,2.25095,2.25145,2.40,1.70
2007.12.07 08:12:56.501,2.25095,2.25145,2.40,1.70
2007.12.07 08:12:56.655,2.25095,2.25145,2.40,1.70
2007.12.07 08:12:56.947,2.25095,2.25145,3.50,1.70
2007.12.07 08:12:57.101,2.25095,2.25145,3.50,0.90
2007.12.07 08:12:57.255,2.25095,2.25155,4.30,1.70
2007.12.07 08:12:57.407,2.25095,2.25155,4.30,1.70
2007.12.07 08:12:57.561,2.25095,2.25155,4.30,1.70
2007.12.07 08:12:57.794,2.25095,2.25155,4.30,1.70
2007.12.07 08:12:58.559,2.25095,2.25145,4.30,0.80
2007.12.07 08:12:58.662,2.25095,2.25145,3.20,0.80
2007.12.07 08:12:58.773,2.25095,2.25125,3.20,0.80
2007.12.07 08:12:58.870,2.25095,2.2512,3.20,4.00
2007.12.07 08:12:58.974,2.25095,2.2512,3.20,4.00
2007.12.07 08:12:59.077,2.25075,2.25115,2.00,0.80
2007.12.07 08:12:59.182,2.25075,2.25115,0.80,0.80
2007.12.07 08:12:59.286,2.25085,2.25115,2.40,0.80
2007.12.07 08:12:59.550,2.25065,2.25115,5.50,0.80
2007.12.07 08:12:59.678,2.25065,2.25115,5.50,0.80
2007.12.07 08:13:00.012,2.2508,2.25115,1.10,0.80
2007.12.07 08:13:00.344,2.25085,2.25135,0.80,0.90
2007.12.07 08:13:00.831,2.25085,2.25145,3.20,1.70
2007.12.07 08:13:03.918,2.25085,2.25145,3.20,1.70
2007.12.07 08:13:04.015,2.25085,2.2514,4.80,1.60
2007.12.07 08:13:04.417,2.25105,2.2514,1.10,1.60
2007.12.07 08:13:04.529,2.25105,2.2514,1.10,1.60
2007.12.07 08:13:04.548,2.25105,2.2514,1.10,1.60
2007.12.07 08:13:04.618,2.25105,2.2514,2.70,1.60
2007.12.07 08:13:04.632,2.25105,2.2514,2.70,1.60
2007.12.07 08:13:04.658,2.25105,2.25145,2.70,0.90
2007.12.07 08:13:04.769,2.25105,2.25145,2.70,0.90
2007.12.07 08:13:05.111,2.25105,2.2515,4.00,1.60
2007.12.07 08:13:05.438,2.25095,2.25145,1.60,0.90
2007.12.07 08:13:05.777,2.25095,2.25145,1.60,0.90
2007.12.07 08:13:05.950,2.25095,2.25145,4.00,0.80
2007.12.07 08:13:06.123,2.25095,2.25145,4.00,0.80
2007.12.07 08:13:06.469,2.25095,2.25145,4.00,0.80
2007.12.07 08:13:06.642,2.25095,2.25145,4.00,0.80
2007.12.07 08:13:06.815,2.251,2.25145,1.10,0.80
2007.12.07 08:13:07.090,2.25105,2.2516,4.80,1.60
2007.12.07 08:13:08.134,2.25105,2.2516,4.80,1.60
2007.12.07 08:13:08.312,2.25115,2.25155,1.60,0.80
2007.12.07 08:13:08.491,2.25125,2.25155,2.40,1.70
2007.12.07 08:13:08.670,2.25125,2.25155,2.40,1.70
2007.12.07 08:13:08.849,2.25125,2.25155,2.40,0.90
2007.12.07 08:13:09.078,2.25115,2.2516,2.40,4.00
2007.12.07 08:13:09.307,2.25115,2.2517,4.80,1.60
2007.12.07 08:13:09.882,2.25125,2.2517,2.40,1.60
2007.12.07 08:13:10.383,2.25115,2.2517,4.80,1.60
2007.12.07 08:13:10.672,2.2512,2.2517,1.10,1.60
2007.12.07 08:13:10.960,2.2512,2.2517,1.10,1.60
2007.12.07 08:13:11.174,2.25125,2.2517,3.20,1.60
2007.12.07 08:13:11.387,2.25125,2.2517,0.80,1.60
2007.12.07 08:13:11.638,2.25125,2.2517,0.80,1.60
2007.12.07 08:13:11.846,2.25125,2.2517,3.20,1.60
2007.12.07 08:13:12.059,2.25125,2.2517,2.40,1.60
2007.12.07 08:13:12.277,2.25125,2.2517,0.80,1.60
2007.12.07 08:13:12.495,2.25125,2.2517,3.20,1.60
2007.12.07 08:13:12.713,2.25125,2.2517,3.20,1.60
2007.12.07 08:13:14.080,2.25125,2.2518,4.80,1.60
2007.12.07 08:13:15.032,2.25125,2.2518,4.80,1.60
2007.12.07 08:13:15.259,2.25125,2.2518,4.80,1.60
2007.12.07 08:13:17.570,2.25125,2.2518,4.80,1.60
2007.12.07 08:13:17.649,2.25125,2.25175,4.80,1.60
2007.12.07 08:13:17.715,2.25125,2.25175,4.80,1.60
2007.12.07 08:13:17.797,2.25125,2.25175,1.60,1.70
2007.12.07 08:13:18.490,2.25125,2.25175,1.60,1.70
2007.12.07 08:13:18.637,2.25125,2.25175,1.60,1.70
2007.12.07 08:13:18.785,2.25125,2.25175,1.60,1.70
2007.12.07 08:13:18.933,2.25125,2.25165,1.60,0.90
2007.12.07 08:13:19.085,2.25125,2.25165,1.60,0.90
2007.12.07 08:13:19.435,2.25125,2.25165,1.60,0.90
2007.12.07 08:13:19.639,2.25125,2.25165,1.60,0.90
2007.12.07 08:13:19.842,2.25125,2.25175,1.60,0.90
2007.12.07 08:13:21.801,2.25125,2.25175,1.60,0.90
2007.12.07 08:13:32.624,2.25125,2.25175,1.60,0.90
2007.12.07 08:13:32.725,2.25125,2.25175,2.70,0.90
2007.12.07 08:13:32.778,2.25125,2.25175,3.50,0.90
2007.12.07 08:13:33.176,2.25125,2.2518,5.90,1.60
2007.12.07 08:13:34.111,2.25135,2.25185,1.60,1.70
2007.12.07 08:13:35.914,2.25135,2.25185,1.60,1.70
2007.12.07 08:13:35.985,2.25135,2.2518,1.60,2.40
2007.12.07 08:13:36.041,2.25135,2.25165,1.60,0.80
2007.12.07 08:13:36.094,2.25125,2.25165,4.00,0.80
2007.12.07 08:13:36.200,2.25125,2.25165,4.00,0.80
2007.12.07 08:13:36.295,2.25125,2.25165,4.00,1.60
2007.12.07 08:13:36.368,2.25125,2.25165,4.00,1.70
2007.12.07 08:13:36.441,2.25125,2.25165,4.00,1.70
2007.12.07 08:13:36.513,2.25125,2.25165,4.00,1.70
2007.12.07 08:13:36.587,2.25125,2.25165,1.60,1.70
2007.12.07 08:13:36.660,2.25125,2.25165,1.60,1.70
2007.12.07 08:13:37.114,2.25115,2.25165,1.60,1.70
2007.12.07 08:13:39.656,2.25115,2.25165,2.70,1.70
2007.12.07 08:13:39.702,2.25115,2.25165,2.70,0.90
2007.12.07 08:13:39.888,2.25115,2.2517,5.90,5.60
2007.12.07 08:13:39.931,2.25115,2.2517,5.90,1.60
2007.12.07 08:13:40.028,2.25125,2.25175,1.60,0.90
2007.12.07 08:13:40.167,2.25125,2.25175,1.60,0.90
2007.12.07 08:13:40.380,2.25125,2.25175,1.60,0.90
2007.12.07 08:13:40.593,2.25125,2.2518,4.00,1.60
2007.12.07 08:13:40.807,2.25135,2.25185,1.60,0.90
2007.12.07 08:13:41.021,2.25135,2.2519,4.00,2.40
2007.12.07 08:13:41.233,2.25135,2.25185,4.00,0.80
2007.12.07 08:13:41.386,2.25135,2.25185,4.00,0.80
2007.12.07 08:13:41.524,2.25135,2.25185,4.00,1.60
2007.12.07 08:13:41.662,2.25135,2.25185,1.60,1.70
2007.12.07 08:13:42.124,2.25135,2.25185,2.70,1.70
2007.12.07 08:13:42.342,2.25135,2.25185,2.70,0.90
2007.12.07 08:13:42.567,2.25135,2.2519,5.90,2.40
2007.12.07 08:13:42.786,2.25135,2.2519,5.90,2.40
2007.12.07 08:13:43.154,2.25135,2.2519,5.90,2.40
2007.12.07 08:13:43.327,2.25145,2.2519,1.60,0.80
2007.12.07 08:13:43.500,2.25145,2.2519,4.00,0.80
2007.12.07 08:13:43.672,2.25145,2.2519,4.00,0.80
2007.12.07 08:13:43.849,2.25145,2.2519,4.00,0.80
2007.12.07 08:13:44.028,2.25145,2.2519,1.60,0.80
2007.12.07 08:13:44.201,2.25145,2.2519,1.60,0.80
2007.12.07 08:13:44.459,2.25145,2.2519,1.60,0.80
2007.12.07 08:13:44.745,2.25145,2.2519,4.00,0.80
2007.12.07 08:13:45.021,2.25155,2.2519,1.60,0.80
2007.12.07 08:13:45.279,2.25155,2.2519,1.60,0.80
2007.12.07 08:13:45.685,2.25155,2.2519,1.60,0.80
2007.12.07 08:13:45.813,2.25155,2.2519,4.00,0.80
2007.12.07 08:13:46.282,2.25155,2.2519,1.60,0.80
2007.12.07 08:13:46.908,2.25155,2.2519,1.60,0.80
2007.12.07 08:13:47.300,2.25155,2.2519,1.60,0.80
2007.12.07 08:13:47.724,2.25155,2.2519,1.60,0.80
2007.12.07 08:13:47.868,2.25145,2.2519,4.00,0.80
2007.12.07 08:13:48.012,2.25145,2.2519,1.60,0.80
2007.12.07 08:13:49.608,2.25145,2.2519,1.60,0.80
2007.12.07 08:13:49.727,2.25145,2.25185,1.60,0.80
2007.12.07 08:13:49.846,2.25145,2.25185,1.60,1.70
2007.12.07 08:13:49.964,2.25145,2.25185,1.60,1.70
2007.12.07 08:13:50.213,2.25145,2.25185,1.60,1.70
2007.12.07 08:13:50.622,2.25145,2.25185,1.60,1.70
2007.12.07 08:13:50.782,2.25145,2.25185,1.60,0.90
2007.12.07 08:13:50.940,2.25145,2.25185,1.60,0.90
2007.12.07 08:13:51.097,2.25145,2.2519,4.00,0.80
2007.12.07 08:13:52.613,2.25145,2.2519,4.00,0.80
2007.12.07 08:13:52.705,2.25145,2.2519,4.00,0.80
2007.12.07 08:13:52.794,2.25155,2.2519,1.60,0.80
2007.12.07 08:13:52.882,2.25155,2.2519,4.00,0.80
2007.12.07 08:13:54.712,2.25155,2.2519,4.00,0.80
2007.12.07 08:13:54.896,2.25155,2.2519,1.60,0.80
2007.12.07 08:13:55.190,2.25155,2.2519,1.60,0.80
2007.12.07 08:13:55.373,2.25155,2.2519,1.60,0.80
2007.12.07 08:13:56.016,2.25145,2.2519,1.60,0.80
2007.12.07 08:13:56.970,2.25145,2.2519,1.60,0.80
2007.12.07 08:13:57.170,2.2515,2.2519,1.10,0.80
2007.12.07 08:13:57.298,2.2515,2.2519,1.10,0.80
2007.12.07 08:13:57.425,2.2515,2.2519,1.10,0.80
2007.12.07 08:13:57.659,2.2515,2.2519,1.10,0.80
2007.12.07 08:13:58.619,2.2515,2.2519,1.10,2.40
2007.12.07 08:13:58.924,2.2515,2.2519,1.10,2.40
2007.12.07 08:13:59.071,2.25145,2.2519,3.20,2.40
2007.12.07 08:13:59.220,2.25145,2.25185,3.20,1.60
2007.12.07 08:13:59.367,2.25145,2.25185,3.20,1.60
2007.12.07 08:13:59.516,2.25145,2.25185,2.40,1.60
2007.12.07 08:14:01.006,2.25145,2.25185,2.40,1.60
2007.12.07 08:14:01.185,2.25145,2.25165,2.40,0.80
2007.12.07 08:14:01.257,2.25145,2.25165,2.40,1.60
2007.12.07 08:14:01.330,2.25145,2.25165,2.40,1.60
2007.12.07 08:14:01.409,2.25145,2.25165,2.40,1.60
2007.12.07 08:14:01.508,2.25125,2.25165,4.00,1.60
2007.12.07 08:14:01.722,2.25125,2.25165,4.00,0.80
2007.12.07 08:14:01.797,2.25125,2.25165,5.10,0.80
2007.12.07 08:14:01.869,2.25125,2.2517,5.10,4.00
2007.12.07 08:14:01.942,2.25125,2.25175,5.10,0.80
2007.12.07 08:14:02.024,2.25135,2.2518,2.40,1.60
2007.12.07 08:14:02.317,2.25135,2.2518,2.40,1.60
2007.12.07 08:14:03.183,2.25135,2.2518,2.40,1.60
2007.12.07 08:14:03.283,2.25135,2.2518,2.40,1.60
2007.12.07 08:14:03.390,2.25135,2.25175,2.40,0.80
2007.12.07 08:14:03.509,2.25125,2.25175,4.00,0.80
2007.12.07 08:14:03.618,2.25125,2.25175,4.00,0.80
2007.12.07 08:14:03.726,2.25135,2.25175,1.60,0.80
2007.12.07 08:14:03.983,2.25135,2.25185,1.60,1.70
2007.12.07 08:14:04.117,2.25135,2.25185,1.60,1.70
2007.12.07 08:14:04.300,2.25135,2.25185,1.60,1.70
2007.12.07 08:14:04.481,2.25135,2.25185,4.00,1.70
2007.12.07 08:14:04.664,2.25135,2.25185,4.00,1.70
2007.12.07 08:14:05.104,2.25135,2.25185,4.00,1.70
2007.12.07 08:14:05.891,2.25135,2.25185,4.00,1.70
2007.12.07 08:14:06.067,2.25135,2.25185,1.60,1.70
2007.12.07 08:14:06.150,2.25135,2.25185,1.60,1.70
2007.12.07 08:14:06.443,2.25135,2.25185,1.60,1.70
2007.12.07 08:14:09.920,2.25135,2.25185,1.60,1.70
2007.12.07 08:14:10.149,2.25135,2.25185,1.60,1.70
2007.12.07 08:14:10.408,2.25135,2.25185,4.00,1.60
2007.12.07 08:14:10.916,2.25135,2.25185,1.60,1.70
2007.12.07 08:14:11.000,2.25135,2.25185,1.60,1.70
2007.12.07 08:14:11.118,2.25135,2.25185,1.60,1.70
2007.12.07 08:14:11.202,2.25135,2.25185,1.60,1.70
2007.12.07 08:14:13.725,2.25135,2.25165,1.60,0.80
2007.12.07 08:14:13.791,2.25125,2.25165,4.00,0.80
2007.12.07 08:14:13.859,2.25125,2.25165,4.00,0.80
2007.12.07 08:14:13.963,2.25125,2.25165,4.00,0.80
2007.12.07 08:14:14.022,2.25125,2.25165,4.00,1.60
2007.12.07 08:14:14.186,2.25125,2.25165,4.00,1.60
2007.12.07 08:14:14.278,2.25125,2.25165,4.00,1.60
2007.12.07 08:14:14.377,2.25125,2.25165,1.60,1.60
2007.12.07 08:14:14.683,2.25125,2.25165,1.60,1.60
2007.12.07 08:14:14.905,2.25125,2.25165,1.60,1.60
2007.12.07 08:14:15.127,2.25125,2.25165,1.60,1.60
2007.12.07 08:14:15.352,2.25125,2.25165,4.00,0.80
2007.12.07 08:14:15.574,2.25125,2.2518,4.00,1.60
2007.12.07 08:14:16.311,2.25135,2.25185,1.60,1.70
2007.12.07 08:14:16.927,2.25135,2.25185,1.60,1.70
2007.12.07 08:14:20.084,2.25135,2.2517,1.60,4.00
2007.12.07 08:14:20.261,2.25135,2.2517,1.60,4.00
2007.12.07 08:14:20.404,2.25135,2.2517,3.20,4.00
2007.12.07 08:14:20.576,2.25135,2.2517,4.00,4.00
2007.12.07 08:14:20.719,2.25135,2.25185,8.00,0.90
2007.12.07 08:14:20.861,2.25135,2.25185,8.00,0.90
2007.12.07 08:14:21.149,2.25135,2.25185,4.00,0.90
2007.12.07 08:14:21.437,2.25135,2.25185,2.40,0.90
2007.12.07 08:14:21.725,2.25135,2.25185,4.00,0.80
2007.12.07 08:14:22.279,2.25145,2.25185,1.60,0.80
2007.12.07 08:14:23.567,2.25135,2.25185,4.00,0.80
2007.12.07 08:14:24.035,2.25145,2.25185,1.60,0.80
2007.12.07 08:14:24.307,2.25145,2.25185,1.60,0.90
2007.12.07 08:14:24.500,2.25145,2.25185,1.60,1.70
2007.12.07 08:14:24.692,2.25145,2.25185,1.60,1.70
2007.12.07 08:14:24.886,2.25145,2.25185,1.60,1.70
2007.12.07 08:14:25.079,2.25145,2.25185,1.60,1.70
2007.12.07 08:14:25.302,2.25135,2.25185,1.60,1.70
2007.12.07 08:14:25.525,2.25135,2.25175,1.60,0.90
2007.12.07 08:14:25.748,2.25135,2.25175,1.60,0.90
2007.12.07 08:14:26.923,2.25135,2.25175,1.60,0.90
2007.12.07 08:14:27.110,2.25125,2.25175,1.60,0.90
2007.12.07 08:14:27.645,2.25125,2.25175,1.60,0.90
2007.12.07 08:14:27.741,2.25125,2.25165,1.60,0.80
2007.12.07 08:14:27.819,2.25125,2.25165,1.60,0.80
2007.12.07 08:14:27.941,2.25125,2.25165,1.60,1.70
2007.12.07 08:14:28.764,2.25125,2.25165,1.60,0.90
2007.12.07 08:14:29.009,2.25115,2.25165,5.10,0.90
2007.12.07 08:14:29.194,2.25115,2.25165,4.00,0.90
2007.12.07 08:14:29.378,2.25105,2.25145,1.60,0.90
2007.12.07 08:14:29.560,2.25105,2.25145,1.60,0.90
2007.12.07 08:14:29.744,2.25105,2.25145,1.60,0.90
2007.12.07 08:14:29.926,2.25095,2.25135,1.60,0.90
2007.12.07 08:14:30.183,2.25095,2.25135,1.60,0.90
2007.12.07 08:14:30.431,2.25095,2.25135,1.60,0.90
2007.12.07 08:14:31.167,2.25095,2.25135,1.60,0.90
2007.12.07 08:14:31.336,2.25095,2.25135,1.60,0.90
2007.12.07 08:14:33.676,2.25095,2.25135,1.60,0.90
2007.12.07 08:14:33.785,2.25095,2.25135,1.60,0.90
2007.12.07 08:14:34.172,2.25095,2.25135,1.60,0.90
2007.12.07 08:14:34.351,2.25095,2.25135,1.60,0.90
2007.12.07 08:14:34.530,2.25095,2.25135,1.60,0.90
2007.12.07 08:14:34.814,2.25095,2.25135,1.60,0.80
2007.12.07 08:14:35.116,2.25095,2.25135,1.60,0.80
2007.12.07 08:14:35.320,2.25095,2.25135,1.60,0.80
2007.12.07 08:14:35.547,2.25095,2.25135,1.60,0.90
2007.12.07 08:14:36.683,2.25095,2.25135,1.60,0.90
2007.12.07 08:14:36.837,2.25095,2.25135,1.60,0.90
2007.12.07 08:14:36.991,2.25095,2.25135,2.70,0.90
2007.12.07 08:14:37.142,2.25095,2.25135,2.70,0.90
2007.12.07 08:14:37.297,2.25105,2.25135,1.60,0.90
2007.12.07 08:14:37.430,2.25105,2.25135,2.40,0.90
2007.12.07 08:14:37.563,2.25105,2.25155,2.40,0.90
2007.12.07 08:14:37.696,2.25105,2.25155,2.40,0.90
2007.12.07 08:14:38.119,2.2511,2.25155,1.10,0.90
2007.12.07 08:14:38.253,2.2511,2.25155,1.10,0.90
2007.12.07 08:14:38.416,2.2511,2.25155,1.10,0.90
2007.12.07 08:14:38.579,2.2511,2.2516,1.10,1.60
2007.12.07 08:14:38.741,2.2512,2.2516,1.10,1.60
2007.12.07 08:14:38.905,2.25125,2.2516,0.80,1.60
2007.12.07 08:14:39.068,2.25125,2.2517,0.80,1.60
2007.12.07 08:14:39.671,2.25125,2.2517,0.80,1.60
2007.12.07 08:14:39.966,2.25115,2.25155,1.60,0.90
2007.12.07 08:14:40.621,2.25115,2.25155,1.60,0.90
2007.12.07 08:14:40.730,2.25115,2.25155,1.60,0.90
2007.12.07 08:14:42.126,2.25115,2.25155,1.60,0.90
2007.12.07 08:14:44.178,2.25115,2.25155,1.60,0.90
2007.12.07 08:14:44.276,2.25105,2.25155,2.40,0.90
2007.12.07 08:14:45.659,2.25105,2.25155,2.40,0.90
2007.12.07 08:14:45.859,2.25105,2.25155,2.40,0.90
2007.12.07 08:14:46.061,2.25095,2.25145,1.60,0.90
2007.12.07 08:14:46.253,2.251,2.25145,1.10,0.90
2007.12.07 08:14:46.451,2.25105,2.25145,0.80,0.90
2007.12.07 08:14:46.650,2.25105,2.25145,0.80,0.90
2007.12.07 08:14:46.939,2.25095,2.25135,8.00,0.90
2007.12.07 08:14:47.228,2.25085,2.25135,2.40,3.30
2007.12.07 08:14:47.522,2.25075,2.25115,1.60,0.90
2007.12.07 08:14:49.086,2.25065,2.25115,1.60,0.90
2007.12.07 08:14:49.592,2.25065,2.25115,1.60,0.90
2007.12.07 08:14:49.776,2.25065,2.25115,1.60,3.30
2007.12.07 08:14:50.065,2.2506,2.25095,1.10,0.80
2007.12.07 08:14:50.354,2.25055,2.25095,4.80,0.80
2007.12.07 08:14:50.642,2.25055,2.25095,1.60,0.80
2007.12.07 08:14:50.930,2.25045,2.25095,4.80,0.80
2007.12.07 08:14:51.214,2.25045,2.25095,1.60,0.90
2007.12.07 08:14:51.518,2.25045,2.25095,1.60,0.90
2007.12.07 08:14:54.848,2.2504,2.25095,2.70,0.90
2007.12.07 08:14:55.554,2.25045,2.25095,1.00,0.90
2007.12.07 08:14:56.067,2.25045,2.25095,4.00,0.90
2007.12.07 08:14:56.319,2.25055,2.25095,2.40,0.90
2007.12.07 08:14:56.442,2.25055,2.25095,3.20,0.80
2007.12.07 08:14:56.566,2.25055,2.25095,3.20,0.80
2007.12.07 08:14:57.179,2.25055,2.25095,3.20,0.80
2007.12.07 08:14:57.470,2.25055,2.251,3.20,1.60
2007.12.07 08:14:57.753,2.25055,2.25105,4.80,0.90
2007.12.07 08:14:58.709,2.25055,2.25105,4.80,0.90
2007.12.07 08:14:58.862,2.25055,2.25105,5.90,0.90
2007.12.07 08:14:59.015,2.25055,2.2511,9.10,1.60
2007.12.07 08:15:00.149,2.25055,2.2511,9.10,1.60
2007.12.07 08:15:00.322,2.25055,2.2511,9.10,1.60
2007.12.07 08:15:00.489,2.25055,2.2511,9.10,5.60
2007.12.07 08:15:00.657,2.25055,2.2511,8.00,5.60
2007.12.07 08:15:00.825,2.25055,2.2511,5.60,5.60
2007.12.07 08:15:00.994,2.25055,2.25105,4.00,0.90
2007.12.07 08:15:01.252,2.25055,2.25105,1.60,0.90
2007.12.07 08:15:01.510,2.2505,2.251,1.10,1.60
2007.12.07 08:15:03.207,2.2506,2.251,1.10,1.60
2007.12.07 08:15:03.365,2.2506,2.251,1.10,1.60
2007.12.07 08:15:03.511,2.2506,2.251,1.10,1.60
2007.12.07 08:15:04.075,2.2506,2.2511,1.10,1.60
2007.12.07 08:15:05.694,2.25055,2.2511,4.80,1.60
2007.12.07 08:15:05.823,2.25055,2.251,3.20,1.60
2007.12.07 08:15:05.953,2.25055,2.251,3.20,1.60
2007.12.07 08:15:06.080,2.25045,2.25095,1.60,0.90
2007.12.07 08:15:06.209,2.25045,2.25085,1.60,0.80
2007.12.07 08:15:06.337,2.25035,2.25085,8.00,0.80
2007.12.07 08:15:06.650,2.25035,2.25075,8.00,0.90
2007.12.07 08:15:06.965,2.25035,2.25075,1.60,0.90
2007.12.07 08:15:07.278,2.2505,2.25075,1.10,0.90
2007.12.07 08:15:07.491,2.2505,2.25075,1.10,0.90
2007.12.07 08:15:07.705,2.25055,2.25075,1.10,0.90
2007.12.07 08:15:07.919,2.25055,2.25095,2.70,0.80
2007.12.07 08:15:08.131,2.25055,2.25095,5.90,0.80
2007.12.07 08:15:08.693,2.25055,2.25095,5.90,0.80
2007.12.07 08:15:08.972,2.25055,2.25095,5.90,0.80
2007.12.07 08:15:09.723,2.25065,2.25095,2.40,0.80
2007.12.07 08:15:09.852,2.25075,2.251,2.70,4.00
2007.12.07 08:15:09.980,2.25075,2.251,2.70,4.00
2007.12.07 08:15:10.107,2.25075,2.251,1.90,4.00
2007.12.07 08:15:10.235,2.25075,2.25105,1.90,0.80
2007.12.07 08:15:10.364,2.25075,2.25105,4.30,0.80
2007.12.07 08:15:11.171,2.25075,2.25105,4.30,0.80
2007.12.07 08:15:11.408,2.25075,2.25105,6.70,0.80
2007.12.07 08:15:11.631,2.25075,2.2512,7.50,5.60
2007.12.07 08:15:11.855,2.25075,2.2513,9.10,1.60
2007.12.07 08:15:12.187,2.25075,2.2513,7.50,4.00
2007.12.07 08:15:12.411,2.25085,2.2512,0.80,1.60
2007.12.07 08:15:12.669,2.25085,2.2512,0.80,1.60
2007.12.07 08:15:12.928,2.25075,2.2512,2.40,1.60
2007.12.07 08:15:13.186,2.25065,2.2512,12.00,1.60
2007.12.07 08:15:13.444,2.25065,2.25115,6.40,0.90
2007.12.07 08:15:13.668,2.2507,2.25115,1.10,0.90
2007.12.07 08:15:13.892,2.2507,2.25115,1.10,0.90
2007.12.07 08:15:14.115,2.2507,2.25125,1.10,0.90
2007.12.07 08:15:14.338,2.25075,2.25125,1.60,0.90
2007.12.07 08:15:14.597,2.2508,2.25125,1.10,0.90
2007.12.07 08:15:14.849,2.25085,2.2513,0.80,5.60
2007.12.07 08:15:15.109,2.25085,2.2513,0.80,1.60
2007.12.07 08:15:15.641,2.25085,2.2513,0.80,1.60
2007.12.07 08:15:15.833,2.25085,2.2513,0.80,1.60
2007.12.07 08:15:16.028,2.25075,2.25125,4.00,0.80
2007.12.07 08:15:16.222,2.25075,2.25125,1.60,0.90
2007.12.07 08:15:16.569,2.2508,2.25125,1.10,0.90
