2011.07.27 12:00:00.537,1.27326,1.2735,1.88,2.10
2011.07.27 12:00:00.770,1.27336,1.2735,1.50,2.10
2011.07.27 12:00:01.218,1.27331,1.27348,1.50,1.13
2011.07.27 12:00:01.337,1.27329,1.27348,1.50,1.13
2011.07.27 12:00:02.278,1.27329,1.27346,1.50,1.13
2011.07.27 12:00:02.688,1.27329,1.27345,1.50,1.73
2011.07.27 12:00:02.811,1.27327,1.27344,1.50,1.13
2011.07.27 12:00:04.137,1.27329,1.27348,1.50,1.50
2011.07.27 12:00:08.780,1.2733,1.2735,1.50,2.10
2011.07.27 12:00:09.227,1.2733,1.2735,1.50,2.10
2011.07.27 12:00:09.347,1.27333,1.27352,1.50,1.50
2011.07.27 12:00:11.148,1.27332,1.27352,1.50,2.25
2011.07.27 12:00:11.704,1.2733,1.27352,1.50,1.50
2011.07.27 12:00:11.935,1.2733,1.27352,1.50,2.25
2011.07.27 12:00:12.385,1.27329,1.27349,1.50,2.10
2011.07.27 12:00:12.946,1.27329,1.27349,1.50,2.10
2011.07.27 12:00:13.066,1.27329,1.27349,1.50,2.10
2011.07.27 12:00:13.297,1.27329,1.27349,1.50,1.13
2011.07.27 12:00:14.295,1.27329,1.2735,1.50,2.10
2011.07.27 12:00:14.635,1.27332,1.2735,1.50,2.10
2011.07.27 12:00:14.754,1.27335,1.2735,1.50,2.10
2011.07.27 12:00:18.174,1.27335,1.2735,1.50,2.10
2011.07.27 12:00:20.717,1.27337,1.2735,1.50,2.10
2011.07.27 12:00:21.348,1.27337,1.27353,1.50,2.10
2011.07.27 12:00:21.466,1.27337,1.27353,1.50,2.10
2011.07.27 12:00:24.330,1.27337,1.27353,1.50,2.10
2011.07.27 12:00:24.996,1.27334,1.2735,1.50,2.10
2011.07.27 12:00:26.550,1.27336,1.2735,1.50,2.10
2011.07.27 12:00:26.667,1.27336,1.27353,1.50,2.63
2011.07.27 12:00:27.226,1.2734,1.27354,1.50,3.98
2011.07.27 12:00:27.570,1.27346,1.27354,1.50,1.35
2011.07.27 12:00:28.024,1.27343,1.27366,2.10,1.50
2011.07.27 12:00:28.259,1.27344,1.27364,2.10,3.38
2011.07.27 12:00:28.708,1.27346,1.27366,1.13,1.50
2011.07.27 12:00:28.832,1.27352,1.27371,5.63,2.25
2011.07.27 12:00:28.952,1.27355,1.27371,5.25,1.50
2011.07.27 12:00:29.070,1.27356,1.27376,1.73,1.50
2011.07.27 12:00:29.301,1.27356,1.27376,2.48,1.50
2011.07.27 12:00:29.761,1.27365,1.27381,1.35,1.50
2011.07.27 12:00:29.878,1.27361,1.27377,1.13,1.50
2011.07.27 12:00:30.000,1.2736,1.27379,1.13,1.35
2011.07.27 12:00:30.118,1.27366,1.27386,1.35,1.50
2011.07.27 12:00:30.775,1.27367,1.27385,3.23,1.50
2011.07.27 12:00:31.352,1.27367,1.27381,1.88,2.25
2011.07.27 12:00:31.689,1.27361,1.27381,2.10,2.25
2011.07.27 12:00:32.797,1.27364,1.27381,1.35,2.25
2011.07.27 12:00:33.355,1.27359,1.27381,2.25,1.50
2011.07.27 12:00:33.991,1.27359,1.2738,1.88,1.50
2011.07.27 12:00:34.546,1.27359,1.2738,1.88,1.50
2011.07.27 12:00:40.255,1.27358,1.27379,2.48,1.50
2011.07.27 12:00:40.486,1.27358,1.27379,2.48,1.50
2011.07.27 12:00:41.595,1.27358,1.27379,2.48,1.50
2011.07.27 12:00:42.375,1.27358,1.27379,2.48,1.50
2011.07.27 12:00:42.609,1.27358,1.27379,3.23,1.50
2011.07.27 12:00:42.945,1.27358,1.2738,3.23,1.50
2011.07.27 12:00:45.569,1.27359,1.27379,1.13,1.50
2011.07.27 12:00:45.919,1.27356,1.27372,2.63,1.50
2011.07.27 12:00:46.291,1.27359,1.27378,1.13,1.50
2011.07.27 12:00:46.408,1.27358,1.27378,1.13,1.50
2011.07.27 12:00:46.859,1.27363,1.27382,1.13,1.50
2011.07.27 12:00:47.086,1.27362,1.27384,1.13,1.50
2011.07.27 12:00:47.425,1.27367,1.27383,1.88,1.50
2011.07.27 12:00:49.404,1.27367,1.27391,1.88,3.23
2011.07.27 12:00:53.636,1.27367,1.27387,1.88,2.25
2011.07.27 12:00:54.150,1.27367,1.27387,1.88,2.25
2011.07.27 12:00:55.256,1.27367,1.27389,1.88,1.50
2011.07.27 12:00:55.486,1.27371,1.27389,1.35,2.25
2011.07.27 12:00:55.714,1.27367,1.27388,1.88,1.50
2011.07.27 12:00:56.167,1.27366,1.27381,1.88,1.88
2011.07.27 12:00:56.291,1.27358,1.27378,1.13,1.88
2011.07.27 12:00:56.407,1.2735,1.27376,3.60,1.50
2011.07.27 12:00:56.525,1.27352,1.27377,1.13,1.50
2011.07.27 12:00:56.755,1.27357,1.27377,1.50,1.13
2011.07.27 12:00:57.974,1.2735,1.27374,1.35,1.13
2011.07.27 12:00:58.427,1.27353,1.27373,1.35,1.88
2011.07.27 12:00:58.986,1.2735,1.27373,1.50,1.88
2011.07.27 12:00:59.766,1.2735,1.27373,1.50,1.88
2011.07.27 12:01:00.325,1.2735,1.27373,1.50,1.88
2011.07.27 12:01:00.983,1.27351,1.27373,1.50,1.88
2011.07.27 12:01:03.216,1.2735,1.27373,1.50,1.88
2011.07.27 12:01:03.886,1.27352,1.27373,1.35,1.88
2011.07.27 12:01:04.229,1.27352,1.27377,2.10,3.23
2011.07.27 12:01:04.565,1.27357,1.27376,1.50,1.13
2011.07.27 12:01:05.896,1.27353,1.27375,1.35,1.13
2011.07.27 12:01:06.017,1.27351,1.27375,2.85,1.13
2011.07.27 12:01:06.568,1.27353,1.27373,1.50,1.88
2011.07.27 12:01:07.565,1.27351,1.27373,2.85,1.88
2011.07.27 12:01:08.348,1.27357,1.27374,2.25,1.13
2011.07.27 12:01:08.577,1.27356,1.27379,1.88,2.10
2011.07.27 12:01:09.247,1.27358,1.27379,1.50,1.50
2011.07.27 12:01:09.807,1.27358,1.27378,1.50,2.10
2011.07.27 12:01:10.364,1.27359,1.27379,2.85,1.50
2011.07.27 12:01:11.222,1.27359,1.2738,2.10,1.50
2011.07.27 12:01:11.345,1.27361,1.27383,2.10,1.50
2011.07.27 12:01:11.576,1.27361,1.27383,2.10,1.50
2011.07.27 12:01:12.134,1.27359,1.27383,1.43,2.85
2011.07.27 12:01:12.475,1.27359,1.27383,1.43,2.85
2011.07.27 12:01:14.466,1.27358,1.27382,2.10,1.50
2011.07.27 12:01:16.976,1.2736,1.27383,1.50,2.10
2011.07.27 12:01:17.096,1.27363,1.27383,1.35,1.13
2011.07.27 12:01:17.436,1.27359,1.27383,1.50,3.23
2011.07.27 12:01:17.994,1.27358,1.27383,2.10,5.48
2011.07.27 12:01:20.195,1.27358,1.27383,2.10,5.48
2011.07.27 12:01:20.316,1.27361,1.27383,1.50,2.48
2011.07.27 12:01:20.656,1.27362,1.27383,2.10,1.13
2011.07.27 12:01:22.736,1.27362,1.27383,2.85,1.88
2011.07.27 12:01:27.156,1.27361,1.27383,1.88,1.73
2011.07.27 12:01:27.807,1.27359,1.27383,2.10,3.98
2011.07.27 12:01:27.937,1.27357,1.27379,1.13,2.85
2011.07.27 12:01:28.289,1.27357,1.27377,1.50,1.13
2011.07.27 12:01:28.408,1.27355,1.27376,1.50,1.73
2011.07.27 12:01:28.854,1.27352,1.27374,1.50,1.88
2011.07.27 12:01:29.856,1.27353,1.27374,1.13,1.88
2011.07.27 12:01:30.414,1.27352,1.27374,1.50,1.88
2011.07.27 12:01:36.435,1.27352,1.27374,2.85,1.88
2011.07.27 12:01:36.555,1.27352,1.27374,2.85,1.88
2011.07.27 12:01:38.184,1.27352,1.27374,2.85,1.88
2011.07.27 12:01:38.305,1.27352,1.27374,2.85,1.88
2011.07.27 12:01:40.077,1.27352,1.27374,2.85,1.88
2011.07.27 12:01:40.647,1.27354,1.27374,1.88,1.88
2011.07.27 12:01:41.096,1.27357,1.27377,2.10,1.13
2011.07.27 12:01:41.656,1.27357,1.27378,2.10,1.13
2011.07.27 12:01:42.398,1.27357,1.27378,2.10,1.13
2011.07.27 12:01:42.846,1.2736,1.27384,2.10,2.63
2011.07.27 12:01:45.987,1.2736,1.27384,2.10,2.63
2011.07.27 12:01:48.387,1.2736,1.27384,2.85,2.63
2011.07.27 12:01:50.927,1.27356,1.27382,2.63,2.10
2011.07.27 12:01:51.159,1.27356,1.27381,2.63,2.10
2011.07.27 12:01:52.159,1.27356,1.27381,3.98,2.10
2011.07.27 12:01:52.500,1.27356,1.27381,3.98,2.10
2011.07.27 12:01:55.211,1.27361,1.27381,1.88,1.35
2011.07.27 12:01:55.333,1.27362,1.27384,2.48,2.25
2011.07.27 12:01:55.561,1.27362,1.27384,2.85,1.88
2011.07.27 12:01:56.120,1.27362,1.27384,2.10,1.88
2011.07.27 12:01:58.269,1.27359,1.27384,2.10,1.88
2011.07.27 12:01:58.502,1.27358,1.27383,2.85,1.35
2011.07.27 12:01:59.609,1.2736,1.27384,2.85,1.88
2011.07.27 12:02:01.158,1.2736,1.27384,2.85,1.88
2011.07.27 12:02:01.716,1.2736,1.27383,2.85,1.88
2011.07.27 12:02:04.698,1.2736,1.27383,2.10,1.88
2011.07.27 12:02:05.042,1.27361,1.27383,1.50,1.88
2011.07.27 12:02:05.393,1.27365,1.27386,2.85,1.13
2011.07.27 12:02:05.949,1.27365,1.27384,2.10,1.88
2011.07.27 12:02:06.838,1.27369,1.27384,1.50,1.88
2011.07.27 12:02:07.289,1.27365,1.27384,2.10,1.88
2011.07.27 12:02:07.849,1.27361,1.27386,1.13,1.73
2011.07.27 12:02:08.391,1.27362,1.27384,1.13,1.88
2011.07.27 12:02:09.949,1.27359,1.27384,2.10,1.88
2011.07.27 12:02:10.508,1.27359,1.27384,2.10,1.88
2011.07.27 12:02:13.241,1.27359,1.27384,2.10,2.63
2011.07.27 12:02:13.360,1.2736,1.27384,2.10,2.63
2011.07.27 12:02:13.480,1.27359,1.27384,2.10,1.88
2011.07.27 12:02:14.918,1.27362,1.27384,1.13,1.88
2011.07.27 12:02:15.919,1.27361,1.27384,2.10,1.88
2011.07.27 12:02:16.730,1.27362,1.27384,1.13,1.88
2011.07.27 12:02:18.590,1.2736,1.27383,2.10,1.88
2011.07.27 12:02:24.199,1.27358,1.27383,2.25,1.88
2011.07.27 12:02:27.748,1.27362,1.27383,1.13,1.88
2011.07.27 12:02:28.310,1.2736,1.27383,1.50,1.13
2011.07.27 12:02:28.542,1.2736,1.27385,1.50,3.60
2011.07.27 12:02:28.663,1.2736,1.27379,1.50,5.25
2011.07.27 12:02:29.114,1.27356,1.27378,2.63,1.73
2011.07.27 12:02:29.780,1.27352,1.27378,2.25,2.10
2011.07.27 12:02:30.338,1.27352,1.27378,1.50,2.10
2011.07.27 12:02:30.860,1.27352,1.27374,1.50,1.88
2011.07.27 12:02:31.749,1.27352,1.27376,2.25,1.50
2011.07.27 12:02:48.181,1.27352,1.27371,1.50,1.13
2011.07.27 12:02:48.411,1.2735,1.2737,1.50,1.13
2011.07.27 12:02:48.641,1.27347,1.2737,1.50,6.00
2011.07.27 12:02:48.762,1.27347,1.27363,1.50,1.88
2011.07.27 12:02:48.992,1.27347,1.27363,1.50,1.88
2011.07.27 12:02:50.479,1.27343,1.27363,1.50,1.88
2011.07.27 12:02:53.341,1.27343,1.27363,1.50,1.88
2011.07.27 12:02:53.901,1.27341,1.27363,1.50,1.88
2011.07.27 12:03:08.651,1.2734,1.27364,1.50,2.63
2011.07.27 12:03:09.190,1.27338,1.27363,1.50,1.35
2011.07.27 12:03:11.439,1.27338,1.27364,1.50,2.25
2011.07.27 12:03:16.986,1.27338,1.27364,1.50,2.25
2011.07.27 12:03:17.868,1.27338,1.27364,1.50,3.60
2011.07.27 12:03:18.100,1.27338,1.27364,1.50,4.73
2011.07.27 12:03:18.220,1.27338,1.27364,1.50,4.35
2011.07.27 12:03:18.559,1.27338,1.27363,1.50,2.63
2011.07.27 12:03:19.675,1.27337,1.27363,1.88,1.88
2011.07.27 12:03:22.832,1.2734,1.27363,1.50,1.88
2011.07.27 12:03:23.286,1.27341,1.27363,3.00,1.88
2011.07.27 12:03:23.632,1.27347,1.27369,1.13,1.13
2011.07.27 12:03:23.751,1.27347,1.27369,1.88,1.50
2011.07.27 12:03:23.982,1.27347,1.27372,1.50,1.13
2011.07.27 12:03:24.099,1.27347,1.27372,2.25,1.13
2011.07.27 12:03:24.330,1.27347,1.27373,1.88,2.63
2011.07.27 12:03:24.559,1.27349,1.27373,1.50,2.63
2011.07.27 12:03:24.899,1.27349,1.27373,2.25,3.43
2011.07.27 12:03:25.461,1.27349,1.27373,2.25,1.93
2011.07.27 12:03:26.870,1.27351,1.27377,1.50,1.57
2011.07.27 12:03:29.039,1.27353,1.27373,1.50,1.93
2011.07.27 12:03:29.378,1.27353,1.27373,2.25,1.93
2011.07.27 12:03:29.941,1.27354,1.27373,1.50,1.88
2011.07.27 12:03:30.168,1.27354,1.27373,1.13,1.88
2011.07.27 12:03:30.840,1.27356,1.27382,1.50,1.13
2011.07.27 12:03:31.398,1.27357,1.27374,1.50,1.88
2011.07.27 12:03:31.849,1.27357,1.27374,1.50,1.88
2011.07.27 12:03:32.582,1.27357,1.27374,1.50,1.88
2011.07.27 12:03:37.198,1.27355,1.27378,1.50,1.13
2011.07.27 12:03:38.642,1.27354,1.27378,1.50,1.13
2011.07.27 12:03:39.200,1.27349,1.27375,1.50,1.13
2011.07.27 12:03:39.431,1.27349,1.27375,1.50,1.13
2011.07.27 12:03:39.990,1.27349,1.27372,1.50,1.13
2011.07.27 12:03:43.299,1.27346,1.27371,1.13,1.88
2011.07.27 12:03:44.181,1.27346,1.27369,1.13,1.50
2011.07.27 12:03:46.828,1.2734,1.27368,1.88,1.88
2011.07.27 12:03:47.389,1.27346,1.27368,1.50,1.88
2011.07.27 12:03:50.123,1.2734,1.27368,1.50,3.60
2011.07.27 12:03:50.473,1.2734,1.27363,1.50,1.88
2011.07.27 12:03:50.704,1.27341,1.27367,4.88,1.50
2011.07.27 12:03:51.039,1.27346,1.27369,1.13,1.50
2011.07.27 12:03:51.378,1.27347,1.27369,1.88,1.50
2011.07.27 12:03:52.378,1.27347,1.27368,1.88,1.50
2011.07.27 12:03:53.520,1.27347,1.27368,1.88,1.50
2011.07.27 12:04:02.548,1.27347,1.27367,1.88,1.50
2011.07.27 12:04:03.305,1.27343,1.27367,1.13,1.50
2011.07.27 12:04:04.428,1.27343,1.27368,1.13,1.50
2011.07.27 12:04:05.619,1.27343,1.27365,1.13,1.50
2011.07.27 12:04:19.648,1.27348,1.2737,2.85,1.50
2011.07.27 12:04:19.872,1.27346,1.2737,1.88,1.50
2011.07.27 12:04:20.429,1.27346,1.27372,2.63,2.25
2011.07.27 12:04:20.660,1.27346,1.27372,2.63,2.25
2011.07.27 12:04:24.858,1.27346,1.27374,2.63,1.50
2011.07.27 12:04:25.199,1.27346,1.27374,2.63,1.50
2011.07.27 12:04:25.758,1.27346,1.27374,2.63,1.13
2011.07.27 12:04:27.269,1.27353,1.27375,1.88,1.13
2011.07.27 12:04:27.609,1.27353,1.27375,1.13,1.13
2011.07.27 12:04:29.048,1.27353,1.27375,1.88,1.13
2011.07.27 12:04:30.698,1.27352,1.27375,1.13,1.50
2011.07.27 12:04:35.179,1.27351,1.27373,1.13,1.50
2011.07.27 12:04:40.431,1.2735,1.2737,1.13,1.50
2011.07.27 12:04:40.960,1.2735,1.27372,1.13,1.50
2011.07.27 12:04:45.229,1.27348,1.27372,1.13,1.50
2011.07.27 12:04:45.789,1.27348,1.27372,1.13,1.50
2011.07.27 12:04:46.572,1.27346,1.27371,2.63,1.50
2011.07.27 12:04:48.343,1.27347,1.27367,1.88,1.50
2011.07.27 12:04:48.901,1.27346,1.27367,1.88,1.50
2011.07.27 12:04:49.454,1.27346,1.27367,1.88,1.50
2011.07.27 12:04:50.341,1.27346,1.27367,1.88,1.50
2011.07.27 12:04:59.241,1.27346,1.27367,1.88,1.50
2011.07.27 12:04:59.910,1.27343,1.27369,1.88,1.50
2011.07.27 12:05:00.251,1.27344,1.27369,1.13,1.50
2011.07.27 12:05:01.549,1.27343,1.27369,1.13,1.50
2011.07.27 12:05:02.364,1.27345,1.2737,1.13,1.50
2011.07.27 12:05:03.369,1.27343,1.27369,1.13,1.50
2011.07.27 12:05:03.935,1.27344,1.27365,1.13,1.50
2011.07.27 12:05:05.919,1.27337,1.27362,1.50,1.50
2011.07.27 12:05:06.448,1.27336,1.2736,2.63,1.88
2011.07.27 12:05:06.561,1.27337,1.2736,1.88,2.63
2011.07.27 12:05:07.125,1.27334,1.27358,1.88,1.50
2011.07.27 12:05:07.919,1.27333,1.27354,1.13,2.25
2011.07.27 12:05:08.371,1.27328,1.27353,1.50,2.25
2011.07.27 12:05:08.942,1.27331,1.27354,1.73,2.25
2011.07.27 12:05:11.589,1.27329,1.27352,1.50,1.50
2011.07.27 12:05:12.590,1.27329,1.27354,2.85,2.25
2011.07.27 12:05:13.590,1.27332,1.27357,1.13,1.50
2011.07.27 12:05:14.430,1.27337,1.27359,1.35,1.50
2011.07.27 12:05:14.994,1.27334,1.27359,1.13,1.88
2011.07.27 12:05:15.112,1.27334,1.27359,1.13,1.88
2011.07.27 12:05:15.668,1.27336,1.27359,1.13,1.13
2011.07.27 12:05:16.449,1.27336,1.27355,1.13,1.13
2011.07.27 12:05:16.572,1.2733,1.27355,1.50,2.48
2011.07.27 12:05:16.909,1.2733,1.27353,3.23,1.88
2011.07.27 12:05:17.029,1.27334,1.27353,1.50,1.88
2011.07.27 12:05:17.589,1.27333,1.27356,1.50,1.13
2011.07.27 12:05:19.380,1.2733,1.27355,1.50,1.13
2011.07.27 12:05:26.019,1.27332,1.27354,1.50,1.50
2011.07.27 12:05:26.143,1.27331,1.27354,1.50,2.25
2011.07.27 12:05:26.699,1.27328,1.27354,1.50,2.25
2011.07.27 12:05:27.260,1.27328,1.27354,1.50,2.25
2011.07.27 12:05:28.405,1.27329,1.27354,1.50,2.25
2011.07.27 12:05:28.740,1.27328,1.27354,1.50,2.25
2011.07.27 12:05:29.190,1.27328,1.27354,1.50,3.00
2011.07.27 12:05:30.299,1.27326,1.27345,2.63,1.50
2011.07.27 12:05:34.391,1.27326,1.27348,2.63,1.50
2011.07.27 12:05:36.492,1.2733,1.27348,1.50,1.50
2011.07.27 12:05:36.940,1.27331,1.27348,1.13,1.50
2011.07.27 12:05:37.284,1.27331,1.27349,1.13,1.50
2011.07.27 12:05:37.841,1.27334,1.27347,1.13,1.50
2011.07.27 12:05:38.192,1.27333,1.27346,1.13,1.50
2011.07.27 12:05:38.422,1.27327,1.27346,3.23,1.50
2011.07.27 12:05:38.539,1.27327,1.27346,2.85,1.50
2011.07.27 12:05:39.430,1.27326,1.27346,2.63,1.50
2011.07.27 12:05:39.881,1.27326,1.27345,4.13,1.50
2011.07.27 12:05:40.331,1.27327,1.27346,1.50,1.50
2011.07.27 12:05:40.670,1.27326,1.27346,3.38,1.50
2011.07.27 12:05:42.570,1.27328,1.27347,1.50,1.50
2011.07.27 12:05:43.000,1.27326,1.27346,3.38,1.50
2011.07.27 12:05:43.230,1.27326,1.27345,2.63,1.50
2011.07.27 12:05:43.571,1.27326,1.27342,2.25,1.50
2011.07.27 12:05:43.803,1.27326,1.27348,1.13,1.50
2011.07.27 12:05:45.020,1.27327,1.27345,1.88,1.50
2011.07.27 12:05:45.579,1.27326,1.27344,1.13,1.50
2011.07.27 12:05:45.699,1.27326,1.27337,1.13,1.50
2011.07.27 12:05:46.483,1.27326,1.27344,1.13,1.50
2011.07.27 12:05:46.600,1.27326,1.27344,1.13,1.50
2011.07.27 12:05:46.721,1.27326,1.27344,1.13,1.50
2011.07.27 12:05:47.344,1.27324,1.27344,1.13,1.50
2011.07.27 12:05:47.469,1.27323,1.27343,1.73,1.50
2011.07.27 12:05:47.590,1.27321,1.27336,1.13,1.50
2011.07.27 12:05:49.032,1.27319,1.27339,2.10,1.50
2011.07.27 12:05:49.152,1.27319,1.27341,1.35,1.50
2011.07.27 12:05:49.271,1.27317,1.27341,2.63,1.50
2011.07.27 12:05:49.391,1.27317,1.27341,2.63,1.50
2011.07.27 12:05:49.733,1.27316,1.27342,4.73,1.50
2011.07.27 12:05:50.072,1.27316,1.27342,4.73,1.50
2011.07.27 12:05:50.872,1.27318,1.27344,1.50,1.88
2011.07.27 12:05:50.998,1.27318,1.27343,1.50,1.50
2011.07.27 12:05:51.550,1.27316,1.27342,3.38,1.50
2011.07.27 12:05:51.780,1.27316,1.27343,2.63,2.25
2011.07.27 12:05:52.231,1.27316,1.27344,3.98,1.88
2011.07.27 12:05:53.120,1.27316,1.27344,4.35,1.88
2011.07.27 12:05:53.459,1.27316,1.27344,5.10,1.88
2011.07.27 12:05:53.581,1.2732,1.27344,2.10,1.13
2011.07.27 12:05:53.703,1.2732,1.27344,2.10,2.63
2011.07.27 12:05:53.935,1.27322,1.27341,1.35,1.50
2011.07.27 12:05:54.553,1.27316,1.27334,1.35,1.50
2011.07.27 12:05:54.678,1.27312,1.27337,2.25,1.50
2011.07.27 12:05:54.799,1.27312,1.27337,1.88,1.50
2011.07.27 12:05:55.800,1.27316,1.27337,1.13,1.50
2011.07.27 12:05:56.359,1.27313,1.27337,1.88,1.50
2011.07.27 12:05:57.360,1.27314,1.27337,1.13,1.50
2011.07.27 12:05:57.589,1.27313,1.27338,1.88,1.50
2011.07.27 12:06:00.329,1.27316,1.27339,1.13,2.25
2011.07.27 12:06:02.516,1.27312,1.27335,1.13,1.50
2011.07.27 12:06:03.211,1.27309,1.27333,1.13,1.13
2011.07.27 12:06:03.878,1.27309,1.27333,1.13,1.13
2011.07.27 12:06:05.351,1.27313,1.27337,1.13,1.13
2011.07.27 12:06:07.450,1.27313,1.27338,1.13,1.50
2011.07.27 12:06:10.276,1.27315,1.27341,1.13,1.50
2011.07.27 12:06:11.163,1.27311,1.27337,1.13,1.50
2011.07.27 12:06:11.511,1.27309,1.27334,1.50,1.50
2011.07.27 12:06:11.741,1.27308,1.27336,2.85,1.50
2011.07.27 12:06:11.860,1.27308,1.27334,2.85,1.13
2011.07.27 12:06:12.311,1.27306,1.27331,2.63,1.50
2011.07.27 12:06:12.761,1.27307,1.27331,1.88,1.50
2011.07.27 12:06:12.881,1.27307,1.2733,1.88,1.50
2011.07.27 12:06:13.223,1.27307,1.27321,1.88,1.50
2011.07.27 12:06:13.343,1.27299,1.27321,2.10,1.50
2011.07.27 12:06:13.463,1.27299,1.2732,2.10,2.25
2011.07.27 12:06:13.982,1.27297,1.27315,2.63,1.50
2011.07.27 12:06:14.105,1.27297,1.27315,1.88,1.50
2011.07.27 12:06:14.664,1.27295,1.27316,1.13,1.50
2011.07.27 12:06:16.746,1.27294,1.27318,1.13,1.13
2011.07.27 12:06:17.097,1.27297,1.27323,2.48,1.50
2011.07.27 12:06:17.660,1.27296,1.2732,2.63,1.50
2011.07.27 12:06:18.220,1.27296,1.27321,1.88,1.50
2011.07.27 12:06:19.918,1.27296,1.27322,2.63,1.13
2011.07.27 12:06:20.485,1.27296,1.27322,1.88,2.63
2011.07.27 12:06:24.427,1.27293,1.27315,1.13,5.63
2011.07.27 12:06:24.763,1.27287,1.27312,1.88,2.10
2011.07.27 12:06:26.313,1.27287,1.27313,4.13,1.13
2011.07.27 12:06:27.529,1.27287,1.27313,4.13,1.13
2011.07.27 12:06:29.310,1.27287,1.27313,4.13,2.48
2011.07.27 12:06:30.861,1.27289,1.27313,1.50,1.13
2011.07.27 12:06:30.981,1.27289,1.27313,1.88,1.13
2011.07.27 12:06:31.103,1.27293,1.27313,1.50,1.13
2011.07.27 12:06:31.331,1.27298,1.27318,1.35,1.50
2011.07.27 12:06:31.673,1.27298,1.27321,2.10,1.50
2011.07.27 12:06:32.012,1.27304,1.27323,1.88,1.50
2011.07.27 12:06:32.130,1.27304,1.27325,1.88,1.50
2011.07.27 12:06:36.528,1.27304,1.27331,1.13,2.25
2011.07.27 12:06:37.344,1.27301,1.2732,1.35,1.50
2011.07.27 12:06:37.574,1.27295,1.27314,1.50,1.13
2011.07.27 12:06:38.027,1.27297,1.27316,1.13,1.88
2011.07.27 12:06:38.254,1.27304,1.27324,1.50,2.63
2011.07.27 12:06:38.486,1.27304,1.27324,1.50,1.88
2011.07.27 12:06:38.713,1.27306,1.27326,2.48,1.13
2011.07.27 12:06:38.940,1.27306,1.27332,1.50,1.50
2011.07.27 12:06:39.499,1.27306,1.27334,2.25,3.38
2011.07.27 12:06:39.838,1.27306,1.27334,3.75,1.13
2011.07.27 12:06:40.401,1.27306,1.27332,3.38,1.13
2011.07.27 12:06:40.830,1.27306,1.27334,3.75,1.13
2011.07.27 12:06:42.591,1.27306,1.27329,2.63,1.13
2011.07.27 12:06:42.821,1.27306,1.27329,1.88,1.13
2011.07.27 12:06:43.050,1.27306,1.27333,2.63,1.13
2011.07.27 12:06:43.610,1.27308,1.27334,1.50,1.13
2011.07.27 12:06:43.840,1.27308,1.27334,1.50,1.13
2011.07.27 12:06:44.399,1.27309,1.27334,1.50,1.13
2011.07.27 12:06:44.521,1.27312,1.27337,1.88,1.50
2011.07.27 12:06:44.968,1.27314,1.27338,1.35,1.50
2011.07.27 12:06:45.202,1.27314,1.27338,2.48,1.50
2011.07.27 12:06:45.649,1.27314,1.27338,2.48,1.50
2011.07.27 12:06:47.423,1.27315,1.27335,1.13,1.50
2011.07.27 12:06:47.654,1.27315,1.2734,1.13,2.10
2011.07.27 12:06:48.393,1.27316,1.27339,1.88,1.50
2011.07.27 12:06:49.841,1.27316,1.27341,1.88,1.50
2011.07.27 12:06:52.052,1.27312,1.27338,2.10,1.50
2011.07.27 12:06:52.511,1.27312,1.27334,2.85,1.13
2011.07.27 12:06:52.854,1.27312,1.27337,1.88,1.88
2011.07.27 12:06:53.191,1.27312,1.27337,1.13,2.48
2011.07.27 12:06:54.413,1.2731,1.2733,1.13,1.13
2011.07.27 12:06:54.645,1.27307,1.27328,3.23,1.50
2011.07.27 12:06:54.872,1.27307,1.27325,1.88,2.25
2011.07.27 12:06:54.994,1.27297,1.27325,1.50,3.00
2011.07.27 12:06:55.111,1.27296,1.27325,2.63,3.00
2011.07.27 12:06:56.283,1.27297,1.27322,1.88,1.13
2011.07.27 12:06:59.926,1.27297,1.27323,2.63,1.13
2011.07.27 12:07:00.044,1.27299,1.27323,1.13,1.13
2011.07.27 12:07:00.164,1.273,1.27323,1.13,1.13
2011.07.27 12:07:00.516,1.27305,1.27328,1.73,1.13
2011.07.27 12:07:00.854,1.27303,1.27321,1.13,1.13
2011.07.27 12:07:01.205,1.27294,1.27308,1.50,2.10
2011.07.27 12:07:01.541,1.27286,1.27308,2.63,1.13
2011.07.27 12:07:01.660,1.27285,1.27308,1.13,1.13
2011.07.27 12:07:04.184,1.27287,1.27306,1.13,1.50
2011.07.27 12:07:04.309,1.27286,1.27308,4.13,1.35
2011.07.27 12:07:04.431,1.27289,1.27313,1.35,2.25
2011.07.27 12:07:04.770,1.27287,1.27313,1.13,1.88
2011.07.27 12:07:05.220,1.27287,1.27313,2.63,3.60
2011.07.27 12:07:06.221,1.27287,1.2731,1.88,1.13
2011.07.27 12:07:06.449,1.27287,1.27305,1.88,1.50
2011.07.27 12:07:07.011,1.27281,1.27305,1.13,1.50
2011.07.27 12:07:07.569,1.27281,1.27305,1.13,1.88
2011.07.27 12:07:08.353,1.27281,1.27305,1.13,1.50
2011.07.27 12:07:08.582,1.27279,1.27304,1.50,1.13
2011.07.27 12:07:08.701,1.27278,1.27304,1.50,1.88
2011.07.27 12:07:09.265,1.27277,1.27304,3.00,1.88
2011.07.27 12:07:09.819,1.27277,1.27304,3.00,1.88
2011.07.27 12:07:10.272,1.27279,1.27304,2.10,1.88
2011.07.27 12:07:10.831,1.27282,1.27304,1.13,1.13
2011.07.27 12:07:12.074,1.27282,1.27304,1.13,1.13
2011.07.27 12:07:12.959,1.27282,1.27304,1.13,1.13
2011.07.27 12:07:13.300,1.27281,1.27308,2.85,1.50
2011.07.27 12:07:15.180,1.27279,1.27303,2.10,1.13
2011.07.27 12:07:15.738,1.27282,1.27303,1.35,1.13
2011.07.27 12:07:17.479,1.27282,1.27309,1.73,1.13
2011.07.27 12:07:20.030,1.27279,1.27305,1.13,1.88
2011.07.27 12:07:20.259,1.2728,1.27305,1.13,1.50
2011.07.27 12:07:22.361,1.27277,1.27304,1.88,1.88
2011.07.27 12:07:22.783,1.27278,1.27304,1.50,1.50
2011.07.27 12:07:23.451,1.27279,1.27305,1.73,1.50
2011.07.27 12:07:23.899,1.27279,1.27305,1.73,1.50
2011.07.27 12:07:24.130,1.27279,1.27305,1.73,1.50
2011.07.27 12:07:24.688,1.27279,1.27305,1.73,1.50
2011.07.27 12:07:25.608,1.27279,1.27303,1.73,1.50
2011.07.27 12:07:28.039,1.27279,1.27303,1.73,1.50
2011.07.27 12:07:28.273,1.27277,1.27303,1.88,1.50
2011.07.27 12:07:28.499,1.27277,1.27303,2.63,3.00
2011.07.27 12:07:28.952,1.27277,1.27303,3.00,2.25
2011.07.27 12:07:29.070,1.27278,1.27303,1.73,1.88
2011.07.27 12:07:29.189,1.2728,1.27303,2.10,1.88
2011.07.27 12:07:29.648,1.27283,1.27303,1.13,1.50
2011.07.27 12:07:31.314,1.27287,1.27311,2.48,1.88
2011.07.27 12:07:31.431,1.27288,1.27311,1.13,2.25
2011.07.27 12:07:31.552,1.27288,1.27311,1.13,2.25
2011.07.27 12:07:32.109,1.27288,1.27313,1.13,1.13
2011.07.27 12:07:32.451,1.2729,1.27313,1.13,1.13
2011.07.27 12:07:32.788,1.2729,1.27313,2.48,1.13
2011.07.27 12:07:33.350,1.2729,1.27313,2.48,1.13
2011.07.27 12:07:33.469,1.27292,1.27313,1.50,1.13
2011.07.27 12:07:33.589,1.27292,1.27318,1.88,1.13
2011.07.27 12:07:38.319,1.2729,1.27318,1.73,1.50
2011.07.27 12:07:39.260,1.27293,1.2732,2.25,2.25
2011.07.27 12:07:39.600,1.27294,1.2732,2.48,1.50
2011.07.27 12:07:40.055,1.27296,1.2732,2.48,1.50
2011.07.27 12:07:40.610,1.27298,1.27323,1.50,1.13
2011.07.27 12:07:40.952,1.27302,1.27324,1.50,2.63
2011.07.27 12:07:41.073,1.27307,1.27325,1.13,1.50
2011.07.27 12:07:42.083,1.27308,1.27333,1.50,2.25
2011.07.27 12:07:42.530,1.27311,1.27327,1.50,1.50
2011.07.27 12:07:42.870,1.27311,1.27327,2.25,1.50
2011.07.27 12:07:43.433,1.27315,1.27333,1.50,2.25
2011.07.27 12:07:43.554,1.27315,1.27333,1.50,1.50
2011.07.27 12:07:43.675,1.27315,1.27334,1.50,1.13
2011.07.27 12:07:45.541,1.27317,1.27334,3.00,1.50
2011.07.27 12:07:45.659,1.27317,1.27334,2.25,1.50
2011.07.27 12:07:46.222,1.27317,1.27334,1.88,1.50
2011.07.27 12:07:47.258,1.27314,1.27333,1.50,1.50
2011.07.27 12:07:48.261,1.27315,1.27333,1.13,1.50
2011.07.27 12:07:48.815,1.27317,1.27337,1.50,1.50
2011.07.27 12:07:48.940,1.27326,1.27343,1.35,1.88
2011.07.27 12:07:49.061,1.27326,1.27343,1.35,1.13
2011.07.27 12:07:49.184,1.27327,1.27346,1.13,1.50
2011.07.27 12:07:49.303,1.27327,1.27349,1.13,1.50
2011.07.27 12:07:49.639,1.27327,1.2735,4.35,1.50
2011.07.27 12:07:50.529,1.27327,1.27348,3.75,1.50
2011.07.27 12:07:51.091,1.27327,1.27347,3.75,1.50
2011.07.27 12:07:51.543,1.27327,1.27347,3.38,1.50
2011.07.27 12:07:53.875,1.27317,1.27342,1.50,1.50
2011.07.27 12:07:53.994,1.27317,1.27339,1.88,1.50
2011.07.27 12:07:54.224,1.27319,1.27339,1.50,1.50
2011.07.27 12:07:55.002,1.27318,1.27337,1.35,1.50
2011.07.27 12:07:55.232,1.27317,1.27338,1.50,1.50
2011.07.27 12:07:55.570,1.27317,1.27338,1.88,1.50
2011.07.27 12:07:56.462,1.27322,1.27341,2.25,1.50
2011.07.27 12:07:56.580,1.27322,1.27345,3.60,1.50
2011.07.27 12:07:56.823,1.27326,1.27348,2.85,3.00
2011.07.27 12:07:56.943,1.27326,1.27348,2.85,2.25
2011.07.27 12:07:57.392,1.27327,1.27348,3.00,2.25
2011.07.27 12:07:57.855,1.27327,1.27347,2.63,1.50
2011.07.27 12:07:58.429,1.27326,1.27344,1.13,1.50
2011.07.27 12:07:59.432,1.27326,1.27344,1.13,1.50
2011.07.27 12:07:59.990,1.27327,1.27347,1.13,1.50
2011.07.27 12:08:00.329,1.27327,1.27347,3.60,2.25
2011.07.27 12:08:00.890,1.27327,1.27345,2.25,1.50
2011.07.27 12:08:02.911,1.27328,1.27349,1.73,2.25
2011.07.27 12:08:03.033,1.27328,1.27349,1.73,2.25
2011.07.27 12:08:03.588,1.27328,1.27349,2.48,1.50
2011.07.27 12:08:05.042,1.27328,1.27348,2.10,1.50
2011.07.27 12:08:05.161,1.27327,1.27348,2.63,2.25
2011.07.27 12:08:05.514,1.27322,1.27342,2.63,1.50
2011.07.27 12:08:09.029,1.27322,1.27342,1.50,1.50
2011.07.27 12:08:10.043,1.27322,1.27342,1.50,1.50
2011.07.27 12:08:11.151,1.27322,1.27343,1.50,1.50
2011.07.27 12:08:11.379,1.27322,1.27343,1.50,2.25
2011.07.27 12:08:12.053,1.27321,1.27339,1.50,1.50
2011.07.27 12:08:12.393,1.27321,1.27339,1.50,1.50
2011.07.27 12:08:12.894,1.27321,1.27339,1.50,1.50
2011.07.27 12:08:14.884,1.27318,1.27339,2.25,2.25
2011.07.27 12:08:15.222,1.27319,1.27341,1.13,1.50
2011.07.27 12:08:15.343,1.27319,1.27341,1.13,1.50
2011.07.27 12:08:15.900,1.27319,1.27341,1.13,1.50
2011.07.27 12:08:16.920,1.27321,1.27341,1.13,1.50
2011.07.27 12:08:17.760,1.27323,1.27342,2.48,1.50
2011.07.27 12:08:18.319,1.27323,1.27342,2.48,1.50
2011.07.27 12:08:18.661,1.27323,1.27342,2.48,1.50
2011.07.27 12:08:18.791,1.27323,1.27342,2.48,1.50
2011.07.27 12:08:19.464,1.27324,1.27342,2.10,1.50
2011.07.27 12:08:20.021,1.27323,1.27342,1.13,1.50
2011.07.27 12:08:20.909,1.27323,1.27342,1.13,1.50
2011.07.27 12:08:21.579,1.27323,1.27342,1.13,1.50
2011.07.27 12:08:22.608,1.27323,1.27341,1.13,1.50
2011.07.27 12:08:22.732,1.27319,1.27339,1.13,1.50
2011.07.27 12:08:23.295,1.27318,1.27343,1.13,1.50
2011.07.27 12:08:23.849,1.27318,1.27343,1.13,3.38
2011.07.27 12:08:24.741,1.27318,1.27343,1.13,3.38
2011.07.27 12:08:24.971,1.27317,1.27343,4.35,3.38
2011.07.27 12:08:25.094,1.27317,1.27343,2.48,1.50
2011.07.27 12:08:25.649,1.27318,1.27344,1.13,3.38
2011.07.27 12:08:26.211,1.27319,1.27344,1.13,3.38
2011.07.27 12:08:26.879,1.27319,1.27344,1.13,3.38
2011.07.27 12:08:28.030,1.27318,1.27342,1.13,1.50
2011.07.27 12:08:28.591,1.27315,1.27341,1.88,1.50
2011.07.27 12:08:29.151,1.27317,1.27341,1.88,1.50
2011.07.27 12:08:29.271,1.27317,1.27341,1.88,1.50
2011.07.27 12:08:30.163,1.27317,1.27333,1.88,1.88
2011.07.27 12:08:30.283,1.27308,1.27331,1.50,1.13
2011.07.27 12:08:30.404,1.27307,1.2733,1.88,1.13
2011.07.27 12:08:30.959,1.27306,1.2733,2.63,1.13
2011.07.27 12:08:31.519,1.27306,1.2733,2.63,1.13
2011.07.27 12:08:32.190,1.27306,1.27331,3.23,1.50
2011.07.27 12:08:33.059,1.27306,1.27331,1.88,1.50
2011.07.27 12:08:34.059,1.27306,1.27333,2.63,1.50
2011.07.27 12:08:34.840,1.27306,1.27333,5.10,1.50
2011.07.27 12:08:35.070,1.27308,1.27333,1.50,1.50
2011.07.27 12:08:35.190,1.2731,1.27335,1.50,1.50
2011.07.27 12:08:35.418,1.27317,1.27335,1.88,1.50
2011.07.27 12:08:40.270,1.27317,1.27334,1.88,1.50
2011.07.27 12:08:40.612,1.27306,1.2733,2.63,1.50
2011.07.27 12:08:41.169,1.27307,1.27329,1.88,1.13
2011.07.27 12:08:41.731,1.27307,1.27328,1.88,1.50
2011.07.27 12:08:42.071,1.27302,1.27324,1.13,1.50
2011.07.27 12:08:42.409,1.273,1.27323,1.88,2.63
2011.07.27 12:08:42.530,1.273,1.27323,1.13,2.63
2011.07.27 12:08:42.759,1.273,1.27324,1.50,1.50
2011.07.27 12:08:43.343,1.27306,1.27325,1.88,1.50
2011.07.27 12:08:43.459,1.27306,1.27327,1.88,1.50
2011.07.27 12:08:45.780,1.27304,1.27325,2.48,1.50
2011.07.27 12:08:46.008,1.27303,1.27325,1.13,1.50
2011.07.27 12:08:46.129,1.27304,1.27325,1.13,1.50
2011.07.27 12:08:53.411,1.27303,1.27325,1.13,1.50
2011.07.27 12:08:53.973,1.27303,1.27325,1.13,1.88
2011.07.27 12:08:54.092,1.27301,1.27324,2.25,1.50
2011.07.27 12:08:54.213,1.27298,1.27322,1.50,1.50
2011.07.27 12:08:54.774,1.27298,1.27321,1.50,1.50
2011.07.27 12:08:56.019,1.27296,1.27321,2.63,1.50
2011.07.27 12:08:56.578,1.27296,1.27321,2.63,1.50
2011.07.27 12:08:58.724,1.27296,1.27321,3.38,1.50
2011.07.27 12:09:00.759,1.27297,1.27323,1.50,1.50
2011.07.27 12:09:02.262,1.27296,1.27321,1.13,1.50
2011.07.27 12:09:02.926,1.27292,1.27313,1.50,2.63
2011.07.27 12:09:03.150,1.2729,1.27313,2.25,2.63
2011.07.27 12:09:03.711,1.27292,1.27313,1.13,1.88
2011.07.27 12:09:04.279,1.27291,1.27313,1.50,2.63
2011.07.27 12:09:05.171,1.27292,1.27313,1.13,2.63
2011.07.27 12:09:05.510,1.27292,1.27313,2.63,1.13
2011.07.27 12:09:05.740,1.27296,1.27323,1.13,3.60
2011.07.27 12:09:06.451,1.27296,1.27323,3.75,1.50
2011.07.27 12:09:06.573,1.27296,1.27323,4.50,1.50
2011.07.27 12:09:08.590,1.27299,1.27324,1.50,3.38
2011.07.27 12:09:10.102,1.27297,1.27324,1.50,3.38
2011.07.27 12:09:11.260,1.27297,1.27324,1.50,3.38
2011.07.27 12:09:11.602,1.27297,1.27324,1.50,3.38
2011.07.27 12:09:13.506,1.27296,1.27324,3.38,4.13
2011.07.27 12:09:14.169,1.27296,1.27324,3.38,4.13
2011.07.27 12:09:14.840,1.27296,1.27322,1.13,1.13
2011.07.27 12:09:14.959,1.27296,1.27322,1.13,2.48
2011.07.27 12:09:15.741,1.27295,1.27322,2.63,2.10
2011.07.27 12:09:15.861,1.27297,1.27323,1.13,2.63
2011.07.27 12:09:15.979,1.27297,1.27323,1.13,2.63
2011.07.27 12:09:17.861,1.27299,1.27324,1.50,2.63
2011.07.27 12:09:18.090,1.27303,1.27326,1.13,2.10
2011.07.27 12:09:18.652,1.27307,1.2733,1.88,1.50
2011.07.27 12:09:19.399,1.27307,1.27329,1.88,1.50
2011.07.27 12:09:20.509,1.27307,1.27329,1.88,1.50
2011.07.27 12:09:21.289,1.27307,1.27329,1.88,1.50
2011.07.27 12:09:22.730,1.27307,1.27327,1.88,3.38
2011.07.27 12:09:22.960,1.27298,1.27324,2.25,1.13
2011.07.27 12:09:23.519,1.27299,1.27323,1.50,2.63
2011.07.27 12:09:23.972,1.27301,1.27323,1.50,2.63
2011.07.27 12:09:24.309,1.27302,1.27324,2.85,1.13
2011.07.27 12:09:24.650,1.27307,1.27329,1.88,1.50
2011.07.27 12:09:25.541,1.27307,1.2733,1.88,1.50
2011.07.27 12:09:25.988,1.27307,1.27327,1.88,1.50
2011.07.27 12:09:26.110,1.27298,1.27324,2.10,1.13
2011.07.27 12:09:26.331,1.27296,1.27324,1.88,3.75
2011.07.27 12:09:26.561,1.27296,1.27324,1.88,3.75
2011.07.27 12:09:28.750,1.27296,1.27318,1.88,1.50
2011.07.27 12:09:30.250,1.27296,1.27314,1.50,1.13
2011.07.27 12:09:33.690,1.27296,1.27314,1.50,1.13
2011.07.27 12:09:35.949,1.27296,1.27314,1.50,1.13
2011.07.27 12:09:37.792,1.2729,1.27314,2.25,1.13
2011.07.27 12:09:37.912,1.27288,1.27314,1.50,1.13
2011.07.27 12:09:38.030,1.27288,1.27314,1.50,1.13
2011.07.27 12:09:38.590,1.27288,1.27314,1.50,2.63
2011.07.27 12:09:41.333,1.27289,1.27314,1.50,2.63
2011.07.27 12:09:41.451,1.27294,1.27314,1.35,1.13
2011.07.27 12:09:41.574,1.2729,1.27314,2.85,1.13
2011.07.27 12:09:41.805,1.2729,1.27313,2.25,1.13
2011.07.27 12:09:42.033,1.27288,1.27313,1.35,1.88
2011.07.27 12:09:42.590,1.27286,1.27313,4.13,1.50
2011.07.27 12:09:46.271,1.27286,1.27314,4.13,3.38
2011.07.27 12:09:46.828,1.27286,1.27314,3.38,3.38
2011.07.27 12:09:47.615,1.27285,1.2731,1.73,1.50
2011.07.27 12:09:47.839,1.27286,1.2731,1.88,1.50
2011.07.27 12:09:48.293,1.27286,1.2731,1.88,3.60
2011.07.27 12:09:49.552,1.27285,1.27308,1.13,2.10
2011.07.27 12:09:50.219,1.27285,1.2731,1.13,2.85
2011.07.27 12:09:50.781,1.27286,1.27306,1.88,1.50
2011.07.27 12:09:51.120,1.27286,1.27308,1.88,1.50
2011.07.27 12:09:51.900,1.27278,1.27302,1.13,1.50
2011.07.27 12:09:52.239,1.27278,1.27302,1.13,1.50
2011.07.27 12:09:53.032,1.27278,1.27302,1.13,1.50
2011.07.27 12:09:54.692,1.27279,1.27305,1.50,1.50
2011.07.27 12:09:55.139,1.27287,1.27307,1.88,1.88
2011.07.27 12:09:56.359,1.27287,1.27307,1.88,2.63
2011.07.27 12:09:57.248,1.27287,1.27307,1.88,2.25
2011.07.27 12:09:58.360,1.27287,1.27306,1.88,1.50
2011.07.27 12:09:58.481,1.2729,1.27309,1.13,2.10
2011.07.27 12:09:58.912,1.27291,1.27311,1.50,1.50
2011.07.27 12:09:59.040,1.27297,1.27323,3.75,4.59
2011.07.27 12:09:59.161,1.27301,1.27323,1.50,1.73
2011.07.27 12:09:59.504,1.27305,1.27331,2.48,1.50
2011.07.27 12:09:59.732,1.27306,1.2733,1.88,2.25
2011.07.27 12:10:00.291,1.27306,1.27328,1.88,1.13
2011.07.27 12:10:00.521,1.27307,1.27328,1.88,1.13
2011.07.27 12:10:01.079,1.27307,1.27328,1.88,1.13
2011.07.27 12:10:02.083,1.27299,1.27324,1.50,2.48
2011.07.27 12:10:02.529,1.27299,1.27324,1.50,4.35
2011.07.27 12:10:02.869,1.27299,1.27324,1.50,4.35
2011.07.27 12:10:03.322,1.27297,1.2732,1.50,2.10
2011.07.27 12:10:03.440,1.27297,1.27318,1.13,2.10
2011.07.27 12:10:03.843,1.27297,1.27318,2.63,2.10
2011.07.27 12:10:04.182,1.27297,1.27316,1.88,1.13
2011.07.27 12:10:04.520,1.27293,1.27314,1.50,1.13
2011.07.27 12:10:05.079,1.27293,1.27313,1.50,1.88
2011.07.27 12:10:09.319,1.27293,1.27313,1.50,2.63
2011.07.27 12:10:09.549,1.2729,1.27313,2.25,2.63
2011.07.27 12:10:12.582,1.2729,1.27313,2.25,2.63
2011.07.27 12:10:13.961,1.27291,1.27313,1.88,2.63
2011.07.27 12:10:14.192,1.27293,1.27313,3.00,2.63
2011.07.27 12:10:14.530,1.27299,1.27324,3.60,3.38
2011.07.27 12:10:14.760,1.27301,1.27323,1.50,2.63
2011.07.27 12:10:15.101,1.27297,1.27324,1.50,1.13
2011.07.27 12:10:15.220,1.27296,1.27324,3.98,1.13
2011.07.27 12:10:15.560,1.27297,1.27323,2.63,2.63
2011.07.27 12:10:16.162,1.27297,1.2732,1.88,2.25
2011.07.27 12:10:16.568,1.27293,1.27313,1.50,3.00
2011.07.27 12:10:16.685,1.27289,1.27313,1.50,3.00
2011.07.27 12:10:16.909,1.27289,1.27313,1.50,3.75
2011.07.27 12:10:17.250,1.27283,1.2731,3.00,2.48
2011.07.27 12:10:18.142,1.27281,1.27303,1.50,1.13
2011.07.27 12:10:18.701,1.27283,1.27309,1.50,1.50
2011.07.27 12:10:19.047,1.27288,1.27313,2.48,2.63
2011.07.27 12:10:19.161,1.27288,1.27313,3.60,2.63
2011.07.27 12:10:19.285,1.27296,1.27319,2.85,2.25
2011.07.27 12:10:19.514,1.27301,1.27323,1.35,2.25
2011.07.27 12:10:20.142,1.27301,1.27323,1.35,1.50
2011.07.27 12:10:20.921,1.27297,1.27324,2.25,1.13
2011.07.27 12:10:22.799,1.27297,1.27324,1.50,1.88
2011.07.27 12:10:27.099,1.27299,1.27324,1.50,1.13
2011.07.27 12:10:27.440,1.27299,1.27324,2.25,1.13
2011.07.27 12:10:27.780,1.27301,1.27326,1.13,1.13
2011.07.27 12:10:29.059,1.27302,1.27328,1.88,1.13
2011.07.27 12:10:29.620,1.27302,1.27329,1.88,1.88
2011.07.27 12:10:30.247,1.27302,1.27329,1.88,1.88
2011.07.27 12:10:31.239,1.27305,1.27329,1.88,1.50
2011.07.27 12:10:32.571,1.27305,1.27329,1.13,1.50
2011.07.27 12:10:33.242,1.27307,1.27331,2.25,2.25
2011.07.27 12:10:33.580,1.27308,1.27333,2.48,1.13
2011.07.27 12:10:34.469,1.27308,1.27333,2.10,1.88
2011.07.27 12:10:37.110,1.27308,1.27333,2.10,1.88
2011.07.27 12:10:39.112,1.27308,1.27333,2.10,1.88
2011.07.27 12:10:42.039,1.27307,1.27333,4.35,1.13
2011.07.27 12:10:44.595,1.27307,1.27331,3.23,1.50
2011.07.27 12:10:45.150,1.27307,1.27331,1.88,3.75
2011.07.27 12:10:45.710,1.273,1.27326,1.13,1.13
2011.07.27 12:10:46.052,1.27298,1.27323,3.00,1.13
2011.07.27 12:10:46.613,1.27301,1.27324,1.88,1.88
2011.07.27 12:10:46.840,1.27301,1.27324,2.63,1.13
2011.07.27 12:10:47.414,1.27301,1.27324,1.88,2.63
2011.07.27 12:10:48.199,1.27303,1.2733,1.13,1.50
2011.07.27 12:10:48.760,1.27307,1.27328,1.88,1.50
2011.07.27 12:10:50.902,1.27307,1.27331,2.63,1.13
2011.07.27 12:10:51.022,1.27307,1.27333,2.63,3.75
2011.07.27 12:10:51.533,1.27307,1.27333,2.63,1.50
2011.07.27 12:10:52.103,1.27306,1.27333,4.13,1.13
2011.07.27 12:10:52.218,1.27306,1.27333,4.13,1.13
2011.07.27 12:10:55.849,1.27308,1.27333,1.50,1.13
2011.07.27 12:10:57.379,1.2731,1.27334,2.85,2.63
2011.07.27 12:10:57.940,1.2731,1.27334,3.60,2.63
2011.07.27 12:10:58.499,1.2731,1.27334,3.60,2.63
2011.07.27 12:10:59.282,1.27309,1.27332,2.10,1.13
2011.07.27 12:11:00.671,1.27309,1.27334,2.48,3.00
2011.07.27 12:11:01.119,1.27308,1.27334,1.50,3.00
2011.07.27 12:11:01.463,1.27306,1.27334,2.63,3.00
2011.07.27 12:11:02.048,1.27306,1.27334,1.88,3.75
2011.07.27 12:11:02.493,1.27308,1.27334,1.35,3.75
2011.07.27 12:11:03.700,1.27306,1.27334,1.88,3.75
2011.07.27 12:11:05.030,1.27306,1.27334,1.88,3.75
2011.07.27 12:11:05.814,1.27307,1.27333,1.88,2.63
2011.07.27 12:11:06.041,1.27307,1.27333,1.88,3.98
2011.07.27 12:11:06.551,1.27309,1.27332,1.35,1.50
2011.07.27 12:11:07.120,1.2731,1.27333,1.35,2.63
2011.07.27 12:11:08.240,1.2731,1.27333,1.73,2.63
2011.07.27 12:11:09.460,1.27308,1.27333,2.48,2.63
2011.07.27 12:11:10.021,1.27308,1.27333,2.48,2.63
2011.07.27 12:11:10.912,1.27308,1.27333,2.48,2.63
2011.07.27 12:11:11.253,1.27312,1.27333,2.48,2.63
2011.07.27 12:11:11.373,1.27316,1.27339,1.13,2.25
2011.07.27 12:11:11.833,1.27316,1.27339,1.13,1.50
2011.07.27 12:11:19.260,1.27315,1.2734,1.13,2.10
2011.07.27 12:11:22.863,1.27315,1.27341,1.13,1.88
2011.07.27 12:11:23.640,1.27315,1.27341,1.13,3.23
2011.07.27 12:11:25.320,1.27314,1.2734,1.88,2.10
2011.07.27 12:11:25.881,1.27314,1.27341,1.50,1.50
2011.07.27 12:11:26.771,1.27314,1.27341,1.50,1.50
2011.07.27 12:11:27.330,1.27315,1.27342,1.13,1.50
2011.07.27 12:11:27.890,1.27316,1.27342,1.13,1.50
2011.07.27 12:11:29.631,1.27316,1.27342,1.88,1.50
2011.07.27 12:11:30.080,1.27316,1.27342,1.88,1.50
2011.07.27 12:11:31.542,1.27315,1.2734,1.13,1.50
2011.07.27 12:11:31.880,1.27314,1.2734,2.10,1.50
2011.07.27 12:11:37.473,1.27315,1.27339,1.13,1.50
2011.07.27 12:11:37.591,1.27314,1.27337,2.10,1.13
2011.07.27 12:11:37.711,1.27313,1.27337,2.25,1.73
2011.07.27 12:11:37.831,1.27313,1.27333,2.25,1.88
2011.07.27 12:11:38.280,1.27316,1.27338,1.50,2.25
2011.07.27 12:11:40.299,1.27314,1.2734,1.13,1.50
2011.07.27 12:11:42.220,1.27317,1.2734,1.88,1.50
2011.07.27 12:11:44.102,1.27317,1.2734,1.88,1.50
2011.07.27 12:11:45.869,1.27317,1.2734,1.88,1.13
2011.07.27 12:11:46.980,1.27317,1.27341,1.88,1.50
2011.07.27 12:11:47.690,1.27317,1.27341,1.88,1.50
2011.07.27 12:11:48.260,1.27317,1.2734,1.88,1.50
2011.07.27 12:11:49.511,1.27313,1.27337,1.13,1.13
2011.07.27 12:11:49.852,1.27314,1.27338,1.13,3.60
2011.07.27 12:11:50.408,1.27316,1.27339,1.88,1.50
2011.07.27 12:11:51.548,1.27316,1.27339,1.88,1.50
2011.07.27 12:11:52.001,1.27316,1.27339,1.88,1.50
2011.07.27 12:11:52.230,1.27316,1.27339,1.88,1.50
2011.07.27 12:11:53.699,1.27316,1.27339,1.88,1.50
2011.07.27 12:11:54.041,1.27316,1.27339,1.88,1.50
2011.07.27 12:11:56.599,1.27316,1.2734,2.63,1.50
2011.07.27 12:11:56.720,1.27316,1.2734,2.63,1.50
2011.07.27 12:11:58.020,1.27316,1.27341,1.88,1.88
2011.07.27 12:11:58.141,1.27316,1.27341,1.88,1.88
2011.07.27 12:11:58.700,1.27317,1.27341,1.88,1.88
2011.07.27 12:12:02.754,1.27317,1.27343,3.38,3.38
2011.07.27 12:12:03.098,1.27318,1.27343,1.88,3.38
2011.07.27 12:12:03.431,1.27317,1.27343,2.63,1.88
2011.07.27 12:12:04.541,1.27318,1.27344,1.50,2.63
2011.07.27 12:12:06.013,1.27318,1.27341,1.50,1.50
2011.07.27 12:12:06.350,1.27318,1.27332,1.50,1.50
2011.07.27 12:12:07.352,1.27318,1.27334,6.00,1.50
2011.07.27 12:12:07.470,1.27321,1.27334,1.50,1.50
2011.07.27 12:12:07.594,1.27321,1.27341,1.88,1.50
2011.07.27 12:12:07.712,1.27326,1.27341,3.00,1.50
2011.07.27 12:12:08.162,1.27329,1.27341,2.25,1.50
2011.07.27 12:12:08.721,1.27328,1.27341,2.10,1.50
2011.07.27 12:12:08.841,1.27327,1.27341,2.63,1.50
2011.07.27 12:12:10.282,1.27327,1.27341,3.38,1.50
2011.07.27 12:12:10.514,1.27327,1.27347,3.38,1.50
2011.07.27 12:12:11.146,1.27328,1.27347,1.50,1.50
2011.07.27 12:12:12.033,1.27328,1.27353,1.50,1.13
2011.07.27 12:12:13.030,1.27329,1.27353,1.50,1.13
2011.07.27 12:12:13.155,1.27331,1.27353,1.13,1.13
2011.07.27 12:12:13.490,1.27329,1.27353,6.00,2.48
2011.07.27 12:12:13.829,1.27332,1.27355,1.13,2.10
2011.07.27 12:12:14.207,1.27332,1.27355,1.13,2.10
2011.07.27 12:12:15.410,1.27332,1.27355,1.13,2.48
2011.07.27 12:12:15.970,1.27334,1.27355,1.13,2.48
2011.07.27 12:12:16.529,1.27331,1.27355,1.88,2.10
2011.07.27 12:12:18.300,1.27335,1.27358,1.13,1.50
2011.07.27 12:12:18.531,1.27338,1.27358,1.50,1.50
2011.07.27 12:12:18.651,1.27339,1.2736,2.85,1.50
2011.07.27 12:12:18.994,1.27344,1.27368,1.88,2.85
2011.07.27 12:12:19.553,1.27347,1.2737,1.88,1.50
2011.07.27 12:12:19.890,1.27344,1.2737,1.13,1.88
2011.07.27 12:12:20.231,1.27344,1.27369,1.13,2.48
2011.07.27 12:12:21.561,1.2734,1.27366,1.50,2.48
2011.07.27 12:12:21.681,1.27339,1.27366,1.50,2.48
2011.07.27 12:12:21.799,1.27339,1.27363,1.50,1.13
2011.07.27 12:12:22.361,1.27339,1.27363,1.50,1.13
2011.07.27 12:12:23.836,1.27339,1.27363,1.50,1.13
2011.07.27 12:12:26.421,1.27338,1.27359,1.50,1.13
2011.07.27 12:12:26.760,1.27337,1.27357,1.88,1.13
2011.07.27 12:12:27.430,1.27335,1.27358,1.88,1.13
2011.07.27 12:12:27.990,1.27335,1.27361,2.63,2.10
2011.07.27 12:12:28.110,1.27337,1.27361,1.13,2.10
2011.07.27 12:12:29.342,1.27342,1.27362,4.88,2.10
2011.07.27 12:12:29.900,1.27338,1.27364,1.50,2.48
2011.07.27 12:12:30.354,1.27336,1.27363,3.38,2.10
2011.07.27 12:12:30.873,1.27336,1.27363,2.63,2.10
2011.07.27 12:12:30.990,1.27336,1.27363,2.63,2.10
2011.07.27 12:12:31.660,1.27336,1.27362,2.63,2.10
2011.07.27 12:12:32.882,1.27336,1.27362,2.63,2.10
2011.07.27 12:12:35.749,1.27336,1.27358,2.63,2.10
2011.07.27 12:12:36.858,1.27336,1.2736,1.88,2.10
2011.07.27 12:12:37.891,1.27336,1.27361,1.88,2.10
2011.07.27 12:12:38.548,1.27336,1.27361,2.63,2.10
2011.07.27 12:12:38.671,1.27338,1.27365,1.50,1.13
2011.07.27 12:12:39.228,1.27338,1.27364,3.00,1.13
2011.07.27 12:12:41.369,1.27338,1.27364,1.88,1.13
2011.07.27 12:12:42.930,1.27336,1.2736,1.88,2.10
2011.07.27 12:12:43.931,1.27336,1.27364,1.88,2.85
2011.07.27 12:12:47.842,1.27337,1.27361,1.88,2.48
2011.07.27 12:12:50.624,1.27337,1.27361,1.88,2.48
2011.07.27 12:12:53.371,1.27341,1.27359,1.69,1.35
2011.07.27 12:12:53.602,1.27337,1.27358,1.88,2.10
2011.07.27 12:12:54.929,1.27337,1.27363,2.63,1.13
2011.07.27 12:12:56.166,1.27338,1.27363,1.13,1.13
2011.07.27 12:12:56.394,1.27339,1.27363,1.13,1.13
2011.07.27 12:12:56.510,1.27339,1.27363,1.13,1.13
2011.07.27 12:12:57.179,1.27337,1.27363,1.88,1.50
2011.07.27 12:12:58.199,1.27337,1.27363,3.38,1.88
2011.07.27 12:12:58.764,1.27338,1.27363,3.00,1.13
2011.07.27 12:13:00.029,1.27338,1.27363,2.63,1.13
2011.07.27 12:13:01.931,1.27343,1.27368,1.50,3.60
2011.07.27 12:13:04.454,1.27342,1.27366,1.50,1.13
2011.07.27 12:13:06.369,1.27342,1.27367,1.50,1.50
2011.07.27 12:13:06.490,1.27341,1.27364,1.50,1.13
2011.07.27 12:13:07.599,1.27338,1.27363,2.25,1.50
2011.07.27 12:13:08.149,1.27338,1.27363,1.50,1.50
2011.07.27 12:13:08.920,1.27337,1.27362,3.38,2.10
2011.07.27 12:13:15.370,1.27337,1.27362,2.63,2.10
2011.07.27 12:13:15.603,1.27337,1.27362,2.63,2.85
2011.07.27 12:13:16.665,1.27337,1.2736,3.38,2.10
2011.07.27 12:13:17.878,1.27337,1.2736,2.63,2.85
2011.07.27 12:13:18.431,1.27337,1.2736,1.88,2.85
2011.07.27 12:13:18.992,1.27336,1.2736,3.38,1.50
2011.07.27 12:13:19.549,1.27336,1.27361,3.38,2.85
2011.07.27 12:13:20.769,1.27336,1.2736,3.38,1.50
2011.07.27 12:13:21.329,1.27336,1.27361,3.38,2.85
2011.07.27 12:13:23.092,1.27337,1.27361,1.50,2.85
2011.07.27 12:13:23.760,1.27336,1.2736,3.38,2.10
2011.07.27 12:13:24.568,1.27337,1.2736,1.50,1.35
2011.07.27 12:13:25.120,1.27337,1.27362,1.50,1.50
2011.07.27 12:13:28.651,1.27337,1.27363,1.50,2.10
2011.07.27 12:13:28.995,1.27339,1.27364,1.50,2.63
2011.07.27 12:13:29.421,1.27344,1.27366,1.50,1.50
2011.07.27 12:13:29.872,1.27346,1.27368,1.13,1.50
2011.07.27 12:13:30.430,1.27347,1.27372,1.13,2.85
2011.07.27 12:13:32.313,1.27346,1.27371,1.88,1.50
2011.07.27 12:13:33.199,1.27346,1.2737,1.13,1.50
2011.07.27 12:13:33.772,1.27346,1.2737,1.13,1.50
2011.07.27 12:13:34.551,1.27346,1.27372,2.63,1.50
2011.07.27 12:13:39.182,1.27346,1.2737,2.63,1.50
2011.07.27 12:13:39.840,1.27346,1.2737,1.13,1.50
2011.07.27 12:13:40.400,1.27346,1.2737,1.13,1.50
2011.07.27 12:13:40.960,1.27346,1.27368,1.13,1.13
2011.07.27 12:13:41.412,1.27346,1.27364,1.13,1.13
2011.07.27 12:13:41.531,1.2734,1.27361,1.50,1.50
2011.07.27 12:13:41.762,1.2734,1.27361,1.50,1.50
2011.07.27 12:13:41.882,1.2734,1.27365,1.50,1.50
2011.07.27 12:13:42.002,1.2734,1.27365,1.50,1.50
2011.07.27 12:13:42.559,1.2734,1.27365,1.50,1.50
2011.07.27 12:13:52.821,1.27347,1.27368,1.88,2.25
2011.07.27 12:13:54.261,1.27347,1.27367,1.88,1.50
2011.07.27 12:13:54.822,1.27347,1.27367,1.88,1.50
2011.07.27 12:13:55.382,1.27347,1.27367,1.88,1.50
2011.07.27 12:13:56.049,1.27347,1.27367,1.88,2.25
2011.07.27 12:13:56.609,1.27347,1.27367,1.88,3.00
2011.07.27 12:13:57.168,1.27347,1.27367,1.88,2.25
2011.07.27 12:13:57.862,1.27347,1.27367,1.88,2.25
2011.07.27 12:13:58.560,1.27347,1.27367,1.88,2.25
2011.07.27 12:13:59.351,1.27347,1.27367,1.88,2.25
2011.07.27 12:14:00.571,1.27339,1.27365,2.85,1.13
2011.07.27 12:14:01.129,1.27339,1.27363,1.50,1.88
2011.07.27 12:14:02.783,1.27342,1.27364,1.50,1.13
2011.07.27 12:14:03.341,1.27347,1.27368,1.88,2.25
2011.07.27 12:14:04.004,1.27347,1.27368,1.88,2.25
2011.07.27 12:14:04.234,1.27347,1.27369,1.88,1.50
2011.07.27 12:14:04.680,1.27347,1.27369,1.88,3.60
2011.07.27 12:14:05.239,1.27347,1.27369,1.88,1.50
2011.07.27 12:14:05.899,1.27347,1.27369,1.88,1.50
2011.07.27 12:14:10.281,1.27347,1.27373,3.38,4.13
2011.07.27 12:14:11.719,1.27348,1.27373,1.50,4.73
2011.07.27 12:14:12.060,1.27348,1.27373,1.50,4.73
2011.07.27 12:14:12.624,1.2735,1.27375,1.50,1.13
2011.07.27 12:14:12.961,1.2735,1.27374,1.50,1.88
2011.07.27 12:14:15.522,1.27348,1.27373,1.50,2.10
2011.07.27 12:14:18.864,1.27347,1.27373,3.38,4.35
2011.07.27 12:14:19.093,1.27347,1.27372,3.38,1.50
2011.07.27 12:14:23.860,1.27346,1.27371,2.63,2.85
2011.07.27 12:14:23.980,1.27346,1.27368,2.63,1.35
2011.07.27 12:14:24.318,1.27346,1.27368,2.63,2.10
2011.07.27 12:14:24.869,1.27346,1.27368,2.63,2.10
2011.07.27 12:14:25.429,1.27346,1.27368,2.63,2.10
2011.07.27 12:14:26.313,1.27346,1.27368,2.63,2.10
2011.07.27 12:14:26.871,1.27346,1.27368,1.88,1.35
2011.07.27 12:14:27.210,1.27346,1.27367,1.88,2.10
2011.07.27 12:14:27.777,1.27348,1.27367,1.13,1.35
2011.07.27 12:14:27.893,1.27348,1.2737,1.88,1.35
2011.07.27 12:14:28.017,1.27348,1.27374,1.88,4.88
2011.07.27 12:14:28.133,1.2735,1.27374,1.50,3.38
2011.07.27 12:14:28.474,1.2735,1.27373,1.50,1.88
2011.07.27 12:14:29.031,1.27347,1.27373,1.13,4.13
2011.07.27 12:14:29.565,1.27347,1.27371,1.13,1.50
2011.07.27 12:14:30.121,1.27347,1.27371,1.13,1.50
2011.07.27 12:14:31.341,1.27347,1.27372,1.13,1.50
2011.07.27 12:14:31.681,1.27347,1.27372,1.50,1.50
2011.07.27 12:14:32.239,1.27347,1.27371,1.13,1.50
2011.07.27 12:14:32.580,1.27347,1.27372,1.13,1.50
2011.07.27 12:14:33.361,1.27347,1.27373,2.25,3.38
2011.07.27 12:14:33.589,1.27349,1.27373,1.50,3.38
2011.07.27 12:14:34.311,1.27349,1.27373,1.50,1.50
2011.07.27 12:14:34.785,1.27347,1.27369,1.13,1.35
2011.07.27 12:14:34.904,1.27346,1.27369,1.13,1.50
2011.07.27 12:14:35.571,1.27346,1.27367,1.88,1.50
2011.07.27 12:14:36.482,1.27346,1.27369,1.88,2.10
2011.07.27 12:14:37.635,1.27346,1.27367,1.88,2.10
2011.07.27 12:14:38.189,1.27346,1.27367,1.88,2.10
2011.07.27 12:14:39.109,1.27346,1.27367,1.88,2.10
2011.07.27 12:14:39.561,1.27346,1.27364,1.88,1.35
2011.07.27 12:14:39.681,1.27346,1.27367,1.88,2.85
2011.07.27 12:14:40.350,1.27346,1.27367,1.88,2.85
2011.07.27 12:14:40.909,1.27346,1.27365,1.88,2.10
2011.07.27 12:14:41.743,1.27344,1.27369,1.50,2.85
2011.07.27 12:14:42.301,1.27343,1.27368,1.50,2.85
2011.07.27 12:14:43.522,1.27346,1.27369,1.88,3.60
2011.07.27 12:14:45.853,1.27347,1.27373,3.00,5.48
2011.07.27 12:14:46.199,1.2735,1.27373,1.13,3.38
2011.07.27 12:14:46.762,1.2735,1.27375,1.13,1.13
2011.07.27 12:14:46.991,1.2735,1.27375,1.13,1.13
2011.07.27 12:14:47.660,1.2735,1.27375,1.13,1.13
2011.07.27 12:14:48.110,1.27348,1.27374,1.50,2.48
2011.07.27 12:14:48.643,1.27346,1.2737,2.63,2.10
2011.07.27 12:14:48.995,1.27345,1.27367,1.13,1.50
2011.07.27 12:14:49.554,1.27347,1.27373,1.13,2.25
2011.07.27 12:14:50.110,1.27348,1.27373,2.10,2.25
2011.07.27 12:14:50.340,1.27347,1.27372,1.13,1.50
2011.07.27 12:14:51.560,1.27349,1.27373,2.10,3.38
2011.07.27 12:14:52.539,1.27348,1.27372,1.73,2.11
2011.07.27 12:14:52.884,1.27346,1.27369,2.63,1.35
2011.07.27 12:14:53.439,1.27347,1.2737,1.13,2.10
2011.07.27 12:14:53.771,1.27347,1.27368,1.13,1.35
2011.07.27 12:14:54.109,1.27347,1.27371,1.13,1.50
2011.07.27 12:14:54.229,1.27347,1.27373,1.13,4.88
2011.07.27 12:14:54.783,1.27347,1.27371,1.13,1.13
2011.07.27 12:14:54.903,1.27343,1.27369,1.88,2.48
2011.07.27 12:14:55.023,1.27343,1.27367,1.13,2.10
2011.07.27 12:14:55.359,1.27339,1.27364,2.48,1.13
2011.07.27 12:14:56.030,1.27341,1.27364,2.48,1.13
2011.07.27 12:14:56.780,1.27344,1.27367,1.50,1.88
2011.07.27 12:14:57.340,1.27343,1.27367,1.50,1.13
2011.07.27 12:14:57.901,1.27343,1.27366,1.50,1.13
2011.07.27 12:14:58.462,1.27343,1.27366,1.50,1.13
2011.07.27 12:14:58.911,1.27341,1.27366,1.13,2.48
2011.07.27 12:15:00.766,1.27342,1.27361,2.10,1.13
2011.07.27 12:15:00.995,1.27332,1.27358,1.13,1.50
2011.07.27 12:15:01.112,1.27334,1.27355,1.13,1.13
2011.07.27 12:15:01.231,1.27334,1.27361,2.10,1.50
2011.07.27 12:15:01.351,1.27338,1.27361,1.13,1.50
2011.07.27 12:15:02.220,1.2734,1.27363,6.00,1.50
2011.07.27 12:15:02.466,1.27342,1.27364,1.35,1.13
2011.07.27 12:15:02.690,1.27342,1.27363,1.35,1.13
2011.07.27 12:15:02.811,1.27337,1.27363,1.50,2.63
2011.07.27 12:15:03.040,1.27336,1.27363,2.25,2.63
2011.07.27 12:15:04.260,1.27337,1.27363,1.50,2.63
2011.07.27 12:15:04.824,1.27338,1.27363,1.50,2.48
2011.07.27 12:15:05.161,1.27338,1.27362,1.73,1.50
2011.07.27 12:15:05.635,1.27337,1.27362,5.25,2.10
2011.07.27 12:15:05.757,1.27337,1.27363,2.63,1.50
2011.07.27 12:15:06.313,1.27331,1.27355,1.50,2.10
2011.07.27 12:15:06.432,1.27328,1.27355,2.25,2.10
2011.07.27 12:15:06.550,1.27327,1.27355,3.38,2.10
2011.07.27 12:15:06.671,1.27328,1.27354,1.50,1.13
2011.07.27 12:15:07.120,1.27331,1.27354,1.50,1.13
2011.07.27 12:15:07.461,1.27332,1.27356,1.88,1.13
2011.07.27 12:15:07.581,1.27335,1.27361,1.13,2.10
2011.07.27 12:15:07.702,1.27336,1.27364,1.13,6.60
2011.07.27 12:15:08.041,1.27336,1.2736,1.13,2.10
2011.07.27 12:15:08.582,1.27336,1.2736,3.38,1.35
2011.07.27 12:15:08.706,1.27336,1.2736,1.88,2.10
2011.07.27 12:15:08.827,1.27336,1.27355,1.88,1.35
2011.07.27 12:15:09.161,1.27336,1.27359,2.63,1.35
2011.07.27 12:15:09.282,1.27336,1.27359,1.88,2.10
2011.07.27 12:15:09.731,1.27336,1.27357,1.88,2.10
2011.07.27 12:15:10.074,1.27336,1.27355,1.88,2.10
2011.07.27 12:15:11.072,1.27326,1.27354,2.63,1.88
2011.07.27 12:15:11.519,1.27326,1.27349,2.63,1.35
2011.07.27 12:15:11.649,1.27326,1.2735,1.13,1.35
2011.07.27 12:15:11.881,1.27325,1.2735,1.13,2.10
2011.07.27 12:15:12.110,1.27325,1.27351,1.13,2.85
2011.07.27 12:15:12.669,1.27327,1.27352,1.88,1.50
2011.07.27 12:15:12.780,1.27327,1.27352,1.88,1.50
2011.07.27 12:15:13.011,1.27327,1.2735,1.88,2.10
2011.07.27 12:15:13.569,1.27322,1.27347,1.50,1.50
2011.07.27 12:15:14.349,1.27322,1.27347,1.50,1.50
2011.07.27 12:15:15.669,1.27322,1.27347,1.50,1.50
2011.07.27 12:15:16.736,1.27322,1.27347,1.50,1.50
2011.07.27 12:15:17.300,1.27322,1.27344,1.50,1.35
2011.07.27 12:15:18.740,1.27319,1.27344,3.75,2.10
2011.07.27 12:15:19.415,1.27317,1.27344,2.10,1.50
2011.07.27 12:15:19.640,1.27316,1.2734,2.63,1.50
2011.07.27 12:15:19.870,1.27316,1.2734,1.88,1.50
2011.07.27 12:15:20.762,1.27316,1.27338,1.88,2.10
2011.07.27 12:15:21.740,1.27316,1.27337,3.38,1.50
2011.07.27 12:15:21.971,1.2732,1.27344,1.13,3.23
2011.07.27 12:15:22.200,1.27322,1.27344,1.13,1.88
2011.07.27 12:15:22.539,1.27322,1.27347,1.50,1.50
2011.07.27 12:15:25.303,1.27323,1.27346,1.13,1.50
2011.07.27 12:15:26.629,1.27326,1.27346,1.88,1.50
2011.07.27 12:15:28.170,1.27334,1.27354,1.13,2.85
2011.07.27 12:15:28.297,1.2733,1.27354,2.25,2.25
2011.07.27 12:15:28.524,1.2733,1.27353,1.35,1.13
2011.07.27 12:15:28.754,1.27333,1.27355,1.35,1.88
2011.07.27 12:15:29.090,1.27333,1.27355,1.73,1.50
2011.07.27 12:15:29.651,1.27333,1.27356,1.73,1.50
2011.07.27 12:15:32.363,1.27329,1.27353,2.48,1.50
2011.07.27 12:15:32.921,1.27329,1.27353,1.35,1.88
2011.07.27 12:15:34.321,1.27332,1.27353,4.50,1.88
2011.07.27 12:15:34.661,1.27335,1.27354,1.35,1.13
2011.07.27 12:15:35.000,1.27333,1.27357,2.48,1.50
2011.07.27 12:15:35.233,1.27332,1.27357,1.13,2.85
2011.07.27 12:15:36.133,1.27327,1.27353,3.75,1.13
2011.07.27 12:15:36.689,1.27327,1.27353,3.75,1.13
2011.07.27 12:15:37.802,1.27327,1.27345,1.88,1.13
2011.07.27 12:15:37.925,1.27324,1.27345,1.50,2.85
2011.07.27 12:15:38.042,1.27322,1.27345,1.50,1.50
2011.07.27 12:15:38.166,1.27321,1.27345,2.10,1.50
2011.07.27 12:15:38.578,1.27317,1.27343,1.88,1.13
2011.07.27 12:15:38.689,1.27317,1.27343,1.88,1.13
2011.07.27 12:15:40.359,1.27318,1.27343,2.48,1.13
2011.07.27 12:15:40.921,1.2732,1.27343,1.35,1.13
2011.07.27 12:15:41.261,1.27322,1.27345,2.85,1.13
2011.07.27 12:15:41.601,1.27324,1.27349,1.73,1.50
2011.07.27 12:15:44.659,1.27324,1.27351,2.48,2.25
2011.07.27 12:15:45.837,1.27327,1.27351,2.25,1.50
2011.07.27 12:15:46.284,1.27327,1.27351,3.23,1.50
2011.07.27 12:15:49.150,1.27324,1.27349,1.13,1.50
2011.07.27 12:15:49.492,1.27323,1.27349,1.13,1.50
2011.07.27 12:15:50.031,1.27324,1.27347,1.13,1.50
2011.07.27 12:15:56.913,1.27324,1.27349,1.13,2.85
2011.07.27 12:15:58.273,1.27324,1.2735,1.13,2.25
2011.07.27 12:15:59.488,1.27324,1.2735,1.13,2.25
2011.07.27 12:16:00.044,1.2732,1.27344,1.50,2.10
2011.07.27 12:16:00.161,1.27319,1.27344,1.50,2.10
2011.07.27 12:16:00.282,1.27321,1.27344,4.88,2.10
2011.07.27 12:16:00.513,1.27319,1.27344,1.13,1.13
2011.07.27 12:16:00.633,1.27317,1.27344,6.98,1.88
2011.07.27 12:16:00.974,1.27316,1.2734,3.98,1.50
2011.07.27 12:16:01.092,1.27316,1.2734,2.63,1.50
2011.07.27 12:16:01.323,1.27318,1.27341,1.13,1.50
2011.07.27 12:16:01.898,1.27324,1.27344,1.13,1.13
2011.07.27 12:16:02.363,1.27324,1.27347,2.85,1.50
2011.07.27 12:16:03.031,1.27325,1.27347,1.13,1.50
2011.07.27 12:16:05.260,1.27324,1.27347,2.25,1.50
2011.07.27 12:16:05.711,1.27327,1.27352,1.88,1.50
2011.07.27 12:16:05.941,1.27328,1.27352,2.85,1.50
2011.07.27 12:16:06.285,1.27331,1.27353,6.60,1.13
2011.07.27 12:16:06.797,1.27332,1.27353,1.35,1.50
2011.07.27 12:16:08.120,1.27332,1.27354,2.10,1.13
2011.07.27 12:16:08.680,1.27334,1.27354,1.50,1.13
2011.07.27 12:16:08.802,1.27333,1.27354,1.50,1.13
2011.07.27 12:16:08.923,1.27334,1.27356,1.13,1.50
2011.07.27 12:16:09.479,1.27334,1.27358,1.88,1.50
2011.07.27 12:16:10.913,1.27337,1.27361,1.13,2.85
2011.07.27 12:16:11.489,1.27337,1.2736,1.13,2.10
2011.07.27 12:16:12.050,1.27337,1.2736,1.13,2.10
2011.07.27 12:16:12.280,1.27337,1.2736,1.13,2.10
2011.07.27 12:16:13.329,1.27334,1.27359,2.63,1.50
2011.07.27 12:16:14.441,1.27334,1.27359,1.13,1.50
2011.07.27 12:16:14.779,1.27333,1.27356,2.25,1.13
2011.07.27 12:16:15.232,1.27334,1.27356,1.50,1.13
2011.07.27 12:16:15.573,1.27339,1.2736,1.35,1.13
2011.07.27 12:16:16.031,1.27342,1.2737,1.13,1.50
2011.07.27 12:16:16.373,1.27346,1.27371,2.48,1.50
2011.07.27 12:16:16.494,1.27346,1.27371,2.48,1.50
2011.07.27 12:16:17.970,1.27346,1.27374,8.48,2.63
2011.07.27 12:16:18.091,1.27346,1.27373,2.25,2.10
2011.07.27 12:16:18.213,1.27346,1.27373,1.50,2.85
2011.07.27 12:16:18.661,1.27344,1.27371,1.13,1.50
2011.07.27 12:16:19.219,1.27347,1.27369,1.88,1.50
2011.07.27 12:16:19.709,1.27347,1.27372,2.63,2.10
2011.07.27 12:16:19.822,1.27347,1.27373,2.63,3.38
2011.07.27 12:16:21.270,1.27346,1.27371,3.00,1.35
2011.07.27 12:16:21.393,1.27346,1.27371,2.25,2.10
2011.07.27 12:16:21.732,1.27346,1.27373,3.00,2.85
2011.07.27 12:16:24.720,1.27346,1.27372,2.25,2.10
2011.07.27 12:16:27.079,1.27346,1.27372,3.00,2.10
2011.07.27 12:16:27.200,1.27346,1.27372,2.25,2.10
2011.07.27 12:16:27.649,1.27346,1.27372,3.00,2.10
2011.07.27 12:16:29.087,1.27346,1.27374,3.00,3.38
2011.07.27 12:16:29.421,1.27346,1.27374,5.25,3.98
2011.07.27 12:16:31.216,1.27347,1.27373,2.63,3.38
2011.07.27 12:16:31.550,1.27347,1.27372,2.63,2.85
2011.07.27 12:16:32.550,1.27347,1.27372,2.63,2.85
2011.07.27 12:16:34.319,1.27347,1.27372,2.63,2.85
2011.07.27 12:16:35.209,1.27347,1.27372,2.63,1.50
2011.07.27 12:16:35.543,1.27347,1.27373,3.00,3.38
2011.07.27 12:16:35.665,1.27347,1.27373,4.73,3.38
2011.07.27 12:16:35.782,1.27349,1.27373,2.10,2.63
2011.07.27 12:16:36.119,1.27357,1.27374,1.88,1.50
2011.07.27 12:16:36.789,1.27357,1.27376,1.88,1.50
2011.07.27 12:16:41.451,1.27357,1.27372,1.88,1.50
2011.07.27 12:16:41.574,1.27347,1.27372,2.63,1.50
2011.07.27 12:16:41.803,1.27347,1.27371,2.63,2.10
2011.07.27 12:16:42.141,1.27346,1.27368,2.63,2.10
2011.07.27 12:16:42.262,1.27346,1.27368,1.88,2.10
2011.07.27 12:16:42.381,1.27346,1.27371,1.88,2.85
2011.07.27 12:16:42.831,1.27347,1.2737,1.13,1.50
2011.07.27 12:16:43.276,1.27346,1.27367,2.25,1.50
2011.07.27 12:16:43.505,1.27347,1.27364,1.88,1.50
2011.07.27 12:16:43.843,1.27346,1.27368,1.88,2.25
2011.07.27 12:16:45.940,1.27344,1.27368,1.50,1.50
2011.07.27 12:16:46.500,1.27346,1.27367,1.88,1.50
2011.07.27 12:16:47.394,1.27346,1.27367,2.63,1.50
2011.07.27 12:16:47.516,1.27348,1.27369,1.50,2.10
2011.07.27 12:16:47.958,1.27349,1.27372,1.13,1.36
2011.07.27 12:16:48.072,1.27349,1.27372,1.50,1.36
2011.07.27 12:16:48.631,1.2735,1.27373,1.13,2.11
2011.07.27 12:16:49.190,1.27349,1.27373,2.25,1.36
2011.07.27 12:16:49.531,1.27349,1.27372,2.25,1.36
2011.07.27 12:16:50.088,1.27349,1.27372,2.25,1.36
2011.07.27 12:16:50.859,1.27349,1.27374,1.50,4.74
2011.07.27 12:16:51.961,1.27348,1.27373,2.25,2.11
2011.07.27 12:16:52.518,1.27349,1.27373,1.50,1.36
2011.07.27 12:16:52.963,1.27349,1.27372,1.50,2.86
2011.07.27 12:16:53.519,1.27346,1.27372,2.63,2.86
2011.07.27 12:16:54.023,1.27346,1.27372,2.63,2.86
2011.07.27 12:16:54.470,1.27346,1.2737,2.63,1.50
2011.07.27 12:16:54.814,1.27346,1.27367,1.88,1.50
2011.07.27 12:16:54.937,1.27344,1.27366,1.88,2.10
2011.07.27 12:16:55.273,1.27337,1.27365,1.13,1.50
2011.07.27 12:16:55.610,1.27337,1.27363,2.63,2.63
2011.07.27 12:16:56.061,1.27336,1.27361,1.88,1.50
2011.07.27 12:16:56.290,1.27336,1.2736,2.63,1.50
2011.07.27 12:16:56.523,1.27337,1.27358,1.88,1.50
2011.07.27 12:17:01.152,1.27337,1.27357,1.88,1.50
2011.07.27 12:17:03.841,1.27337,1.27357,1.88,1.50
2011.07.27 12:17:04.509,1.27337,1.27361,1.88,1.50
2011.07.27 12:17:05.070,1.27337,1.27362,1.88,2.48
2011.07.27 12:17:05.630,1.27336,1.27362,2.63,1.13
2011.07.27 12:17:05.751,1.27336,1.27363,2.63,1.50
2011.07.27 12:17:06.309,1.27336,1.27364,2.63,2.63
2011.07.27 12:17:07.720,1.27337,1.2736,1.88,2.10
2011.07.27 12:17:08.176,1.27336,1.27356,1.88,2.10
2011.07.27 12:17:08.732,1.2733,1.27353,2.25,2.63
2011.07.27 12:17:09.970,1.2733,1.27353,1.50,2.63
2011.07.27 12:17:10.529,1.27329,1.27352,1.50,2.10
2011.07.27 12:17:11.082,1.27329,1.27353,1.88,2.63
2011.07.27 12:17:11.310,1.2733,1.27353,1.13,1.88
2011.07.27 12:17:11.542,1.2733,1.27353,1.13,2.63
2011.07.27 12:17:11.773,1.27329,1.27353,2.25,3.98
2011.07.27 12:17:12.222,1.27331,1.27353,1.50,2.63
2011.07.27 12:17:13.000,1.27331,1.27353,1.13,2.63
2011.07.27 12:17:13.120,1.27333,1.2736,1.13,3.60
2011.07.27 12:17:13.241,1.27333,1.2736,1.13,3.60
2011.07.27 12:17:14.014,1.27337,1.2736,1.88,2.25
2011.07.27 12:17:14.571,1.27337,1.27358,1.88,1.50
2011.07.27 12:17:15.681,1.27337,1.27357,1.88,1.50
2011.07.27 12:17:16.239,1.27337,1.27357,1.88,1.50
2011.07.27 12:17:17.391,1.27337,1.27359,1.88,1.50
2011.07.27 12:17:17.737,1.27337,1.27359,2.25,1.50
2011.07.27 12:17:18.071,1.27337,1.27358,2.25,1.50
2011.07.27 12:17:18.302,1.27337,1.2736,2.25,1.50
2011.07.27 12:17:18.640,1.27337,1.2736,1.88,1.50
2011.07.27 12:17:19.201,1.27336,1.2736,2.63,1.50
2011.07.27 12:17:19.430,1.27336,1.27363,3.38,2.25
2011.07.27 12:17:20.961,1.27336,1.2736,3.38,1.50
2011.07.27 12:17:21.529,1.27336,1.27364,3.75,2.63
2011.07.27 12:17:21.760,1.27336,1.27364,3.75,2.63
2011.07.27 12:17:22.211,1.27336,1.27364,5.10,2.63
2011.07.27 12:17:23.102,1.27336,1.27364,5.10,2.63
2011.07.27 12:17:23.441,1.27336,1.27364,3.75,2.63
2011.07.27 12:17:24.662,1.2734,1.27364,1.88,1.88
2011.07.27 12:17:24.881,1.27342,1.27364,1.13,1.88
2011.07.27 12:17:25.442,1.2734,1.27364,1.88,1.88
2011.07.27 12:17:27.611,1.2734,1.27364,1.88,1.88
2011.07.27 12:17:28.169,1.27343,1.27364,1.50,2.63
2011.07.27 12:17:28.652,1.27343,1.27362,1.50,2.10
2011.07.27 12:17:28.775,1.27337,1.27357,2.63,1.50
2011.07.27 12:17:29.330,1.27337,1.27357,1.88,1.50
2011.07.27 12:17:29.894,1.27337,1.27358,1.88,1.50
2011.07.27 12:17:30.670,1.27337,1.27358,1.88,1.50
2011.07.27 12:17:31.559,1.27336,1.27357,1.88,1.50
2011.07.27 12:17:31.901,1.27336,1.27356,1.88,1.50
2011.07.27 12:17:33.197,1.27328,1.27352,3.00,1.35
2011.07.27 12:17:33.750,1.27336,1.27353,1.88,2.10
2011.07.27 12:17:34.090,1.27336,1.27353,1.88,2.10
2011.07.27 12:17:34.540,1.27327,1.27352,1.88,3.23
2011.07.27 12:17:35.100,1.27327,1.27352,2.25,1.50
2011.07.27 12:17:35.221,1.27327,1.27352,2.25,1.50
2011.07.27 12:17:35.562,1.27326,1.27352,3.00,1.50
2011.07.27 12:17:36.012,1.27326,1.27351,2.63,1.50
2011.07.27 12:17:36.804,1.27324,1.27351,1.88,2.25
2011.07.27 12:17:37.154,1.27327,1.27347,1.88,2.25
2011.07.27 12:17:37.601,1.27327,1.27344,1.88,2.85
2011.07.27 12:17:37.723,1.27321,1.27344,1.50,2.85
2011.07.27 12:17:37.840,1.27317,1.27344,1.50,4.73
2011.07.27 12:17:38.400,1.27316,1.27344,4.13,4.73
2011.07.27 12:17:38.959,1.27316,1.27343,4.13,1.50
2011.07.27 12:17:40.440,1.27317,1.27343,1.13,1.50
2011.07.27 12:17:40.563,1.27317,1.27344,1.50,4.73
2011.07.27 12:17:40.686,1.27318,1.27343,2.25,2.63
2011.07.27 12:17:41.536,1.27317,1.27343,3.38,1.13
2011.07.27 12:17:41.981,1.27317,1.27343,3.38,2.63
2011.07.27 12:17:42.100,1.27317,1.27343,2.63,2.63
2011.07.27 12:17:42.441,1.27319,1.27343,1.50,2.63
2011.07.27 12:17:43.219,1.27319,1.27343,1.50,2.63
2011.07.27 12:17:44.100,1.27321,1.27344,1.50,2.63
2011.07.27 12:17:44.441,1.27323,1.27347,2.25,1.50
2011.07.27 12:17:44.669,1.27324,1.27347,1.13,1.50
2011.07.27 12:17:46.220,1.27327,1.2735,1.88,1.50
2011.07.27 12:17:47.351,1.27327,1.27345,1.88,1.50
2011.07.27 12:17:47.572,1.27319,1.27341,1.50,1.50
2011.07.27 12:17:47.693,1.27316,1.2734,3.38,1.50
2011.07.27 12:17:48.251,1.27316,1.2734,4.13,1.50
2011.07.27 12:17:48.479,1.27316,1.2734,2.63,1.50
2011.07.27 12:17:49.037,1.27313,1.27336,1.50,1.50
2011.07.27 12:17:49.153,1.27312,1.27335,1.50,2.25
2011.07.27 12:17:49.272,1.27307,1.27333,3.38,1.50
2011.07.27 12:17:49.835,1.27306,1.27329,3.00,1.50
2011.07.27 12:17:50.218,1.27306,1.27329,3.00,1.50
2011.07.27 12:17:50.454,1.27306,1.2733,1.88,1.50
2011.07.27 12:17:51.010,1.27306,1.27333,3.38,1.50
2011.07.27 12:17:51.131,1.27306,1.27333,5.85,1.50
2011.07.27 12:17:51.362,1.27308,1.27333,1.50,1.50
2011.07.27 12:17:51.811,1.27308,1.27333,1.88,1.50
2011.07.27 12:17:52.372,1.27308,1.27334,1.88,2.63
2011.07.27 12:17:52.857,1.27309,1.27334,1.13,2.63
2011.07.27 12:17:54.729,1.27308,1.27334,3.00,2.63
2011.07.27 12:17:55.511,1.27308,1.27334,2.25,3.00
2011.07.27 12:17:56.070,1.27308,1.27333,2.63,2.63
2011.07.27 12:17:56.632,1.27308,1.2733,1.50,1.13
2011.07.27 12:17:57.307,1.27307,1.27333,1.50,1.50
2011.07.27 12:17:57.643,1.27309,1.27334,1.13,2.63
2011.07.27 12:17:57.873,1.27309,1.27333,1.13,2.63
2011.07.27 12:17:59.530,1.27308,1.27333,1.50,1.50
2011.07.27 12:18:00.314,1.27309,1.27334,2.10,2.63
2011.07.27 12:18:01.337,1.27309,1.27329,1.13,1.50
2011.07.27 12:18:01.460,1.27302,1.27327,2.25,2.85
2011.07.27 12:18:01.583,1.27307,1.27327,1.88,2.85
2011.07.27 12:18:01.818,1.27302,1.27324,1.50,1.88
2011.07.27 12:18:01.938,1.27301,1.27325,1.50,1.88
2011.07.27 12:18:02.275,1.27301,1.27325,2.48,1.13
2011.07.27 12:18:02.392,1.27301,1.27325,2.48,1.13
2011.07.27 12:18:03.119,1.27301,1.27323,2.48,1.88
2011.07.27 12:18:03.458,1.273,1.27323,1.13,1.88
2011.07.27 12:18:03.685,1.27303,1.27323,2.85,1.88
2011.07.27 12:18:03.806,1.27304,1.27327,1.13,2.25
2011.07.27 12:18:04.238,1.2731,1.27331,1.35,1.50
2011.07.27 12:18:04.358,1.2731,1.27333,2.10,1.88
2011.07.27 12:18:04.913,1.27313,1.27336,1.50,2.25
2011.07.27 12:18:05.361,1.27317,1.27339,1.13,1.50
2011.07.27 12:18:05.592,1.27317,1.27339,1.13,1.50
2011.07.27 12:18:06.151,1.2731,1.27335,1.13,2.25
2011.07.27 12:18:06.381,1.27309,1.27333,1.50,1.13
2011.07.27 12:18:09.422,1.27313,1.27336,1.50,1.50
2011.07.27 12:18:09.986,1.27314,1.27338,2.25,1.50
2011.07.27 12:18:10.432,1.27314,1.27336,1.13,1.50
2011.07.27 12:18:12.196,1.27309,1.27333,1.50,1.50
2011.07.27 12:18:12.313,1.27308,1.27333,1.50,1.88
2011.07.27 12:18:12.432,1.27308,1.27333,1.50,1.13
2011.07.27 12:18:12.881,1.27306,1.27334,2.63,3.38
2011.07.27 12:18:13.220,1.27306,1.27334,1.88,4.13
2011.07.27 12:18:14.109,1.27306,1.27334,1.88,4.73
2011.07.27 12:18:14.332,1.27306,1.27333,2.63,2.10
2011.07.27 12:18:14.778,1.27306,1.27334,3.38,2.63
2011.07.27 12:18:15.000,1.27306,1.27334,3.38,2.63
2011.07.27 12:18:15.564,1.27306,1.27331,2.63,1.50
2011.07.27 12:18:16.024,1.27306,1.27329,1.88,2.10
2011.07.27 12:18:16.251,1.27306,1.27333,1.13,1.50
2011.07.27 12:18:18.445,1.27308,1.27334,3.98,3.38
2011.07.27 12:18:18.781,1.27311,1.27334,1.73,3.38
2011.07.27 12:18:19.453,1.2731,1.27333,2.48,2.63
2011.07.27 12:18:20.010,1.2731,1.27334,1.13,1.13
2011.07.27 12:18:20.351,1.2731,1.27334,1.13,2.63
2011.07.27 12:18:20.911,1.2731,1.27334,1.13,2.63
2011.07.27 12:18:21.472,1.2731,1.27334,1.13,2.63
2011.07.27 12:18:22.081,1.2731,1.27334,1.13,2.63
2011.07.27 12:18:22.204,1.27309,1.27334,1.13,2.63
2011.07.27 12:18:22.761,1.27309,1.27334,1.50,1.13
2011.07.27 12:18:23.662,1.27309,1.27334,2.85,2.63
2011.07.27 12:18:23.895,1.27309,1.27333,2.85,1.13
2011.07.27 12:18:24.237,1.27308,1.27333,2.25,2.48
2011.07.27 12:18:25.230,1.27306,1.27329,3.38,2.10
2011.07.27 12:18:25.355,1.27308,1.27329,1.13,2.10
2011.07.27 12:18:25.760,1.27306,1.27331,1.88,1.50
2011.07.27 12:18:25.888,1.27308,1.27331,1.13,1.50
2011.07.27 12:18:26.226,1.27307,1.2733,1.88,2.10
2011.07.27 12:18:26.676,1.27307,1.2733,2.25,2.85
2011.07.27 12:18:27.011,1.27307,1.2733,1.13,2.10
2011.07.27 12:18:27.574,1.27306,1.2733,3.00,2.10
2011.07.27 12:18:27.922,1.27305,1.27332,1.13,1.50
2011.07.27 12:18:28.372,1.27307,1.2733,2.63,2.10
2011.07.27 12:18:28.601,1.27307,1.27336,6.00,2.85
2011.07.27 12:18:28.722,1.27307,1.27333,6.00,1.13
2011.07.27 12:18:29.068,1.27308,1.27333,1.13,1.13
2011.07.27 12:18:29.182,1.27308,1.27334,1.50,2.63
2011.07.27 12:18:29.520,1.27308,1.27334,1.50,2.63
2011.07.27 12:18:29.972,1.2731,1.27334,1.88,2.63
2011.07.27 12:18:30.311,1.2731,1.27334,1.88,2.63
2011.07.27 12:18:31.419,1.2731,1.27334,1.88,2.63
2011.07.27 12:18:31.653,1.27311,1.27334,1.13,2.63
2011.07.27 12:18:32.542,1.27312,1.27333,1.13,1.88
2011.07.27 12:18:32.774,1.27314,1.27337,1.50,1.50
2011.07.27 12:18:33.001,1.27314,1.27337,4.35,1.50
2011.07.27 12:18:33.533,1.27316,1.27344,1.50,3.38
2011.07.27 12:18:33.656,1.27317,1.27344,2.25,4.73
2011.07.27 12:18:36.521,1.27321,1.27343,1.35,2.63
2011.07.27 12:18:37.960,1.2732,1.27343,1.73,2.63
2011.07.27 12:18:38.700,1.2732,1.27343,1.73,2.63
2011.07.27 12:18:39.369,1.2732,1.27343,1.73,2.63
2011.07.27 12:18:40.221,1.2732,1.27343,1.73,2.63
2011.07.27 12:18:40.453,1.27318,1.27343,1.50,2.63
2011.07.27 12:18:41.010,1.27318,1.27343,1.50,1.88
2011.07.27 12:18:45.512,1.27319,1.27343,1.13,1.88
2011.07.27 12:18:46.184,1.27323,1.27349,2.25,1.88
2011.07.27 12:18:47.960,1.27321,1.27344,2.85,1.88
2011.07.27 12:18:49.774,1.27316,1.27342,2.85,1.50
2011.07.27 12:18:49.894,1.27316,1.27342,2.48,1.88
2011.07.27 12:18:50.230,1.27317,1.27339,2.63,1.35
2011.07.27 12:18:50.572,1.27316,1.27341,2.63,2.10
2011.07.27 12:18:51.464,1.27316,1.27341,1.88,2.85
2011.07.27 12:18:51.805,1.27316,1.27334,1.88,1.35
2011.07.27 12:18:52.311,1.27316,1.27337,2.63,1.35
2011.07.27 12:18:53.731,1.27316,1.27335,1.88,1.35
2011.07.27 12:18:54.620,1.27316,1.27337,1.88,2.10
2011.07.27 12:18:57.229,1.27316,1.27335,1.88,1.35
2011.07.27 12:18:58.318,1.27316,1.27337,1.88,2.10
2011.07.27 12:18:59.977,1.27316,1.27337,1.88,2.10
2011.07.27 12:19:04.181,1.27316,1.27337,1.88,2.10
2011.07.27 12:19:04.409,1.27316,1.27328,1.88,1.35
2011.07.27 12:19:05.190,1.27316,1.27329,1.88,1.35
2011.07.27 12:19:05.532,1.2731,1.27337,3.60,2.10
2011.07.27 12:19:06.399,1.27317,1.27337,1.88,1.50
2011.07.27 12:19:07.620,1.27311,1.27339,2.10,2.85
2011.07.27 12:19:08.403,1.27317,1.27337,1.13,2.10
2011.07.27 12:19:08.632,1.27327,1.27344,1.73,1.50
2011.07.27 12:19:08.753,1.27321,1.27345,3.23,2.10
2011.07.27 12:19:08.868,1.27321,1.27345,2.85,2.10
2011.07.27 12:19:09.844,1.27323,1.27346,1.50,1.50
2011.07.27 12:19:09.960,1.27328,1.27349,1.35,1.50
2011.07.27 12:19:10.738,1.27329,1.27349,1.35,1.50
2011.07.27 12:19:11.411,1.27326,1.27349,1.88,1.50
2011.07.27 12:19:11.861,1.27327,1.27349,1.35,1.50
2011.07.27 12:19:12.090,1.27327,1.27349,1.35,1.50
2011.07.27 12:19:12.991,1.27327,1.27349,1.35,1.50
2011.07.27 12:19:13.558,1.27327,1.27349,1.35,1.50
2011.07.27 12:19:13.900,1.27327,1.27349,1.73,1.50
2011.07.27 12:19:14.350,1.27327,1.27352,1.73,2.85
2011.07.27 12:19:14.468,1.27327,1.27352,1.35,2.85
2011.07.27 12:19:16.758,1.27327,1.27349,1.35,1.50
2011.07.27 12:19:17.318,1.27327,1.27351,1.35,1.50
2011.07.27 12:19:17.674,1.27327,1.27351,1.35,1.50
2011.07.27 12:19:17.908,1.27327,1.27349,1.88,2.63
2011.07.27 12:19:19.239,1.27327,1.27349,1.88,1.50
2011.07.27 12:19:19.361,1.27327,1.27349,1.88,1.50
2011.07.27 12:19:19.918,1.27328,1.27351,1.35,1.50
2011.07.27 12:19:20.477,1.27328,1.27352,1.35,1.50
2011.07.27 12:19:21.918,1.27327,1.27352,1.88,1.50
2011.07.27 12:19:22.930,1.27328,1.27352,1.35,2.25
2011.07.27 12:19:23.050,1.27328,1.27352,1.35,1.50
2011.07.27 12:19:23.497,1.27328,1.27353,1.35,2.63
2011.07.27 12:19:24.169,1.27328,1.27353,2.10,2.63
2011.07.27 12:19:26.643,1.27328,1.27354,2.48,2.63
2011.07.27 12:19:27.384,1.27326,1.27349,1.88,2.25
2011.07.27 12:19:27.831,1.27331,1.27349,1.35,1.50
2011.07.27 12:19:28.279,1.27331,1.27353,1.73,1.50
2011.07.27 12:19:28.618,1.27335,1.27354,1.73,2.25
2011.07.27 12:19:29.178,1.27337,1.27355,1.88,1.50
2011.07.27 12:19:30.729,1.27337,1.27356,1.88,1.50
2011.07.27 12:19:32.631,1.27337,1.27352,1.88,1.50
2011.07.27 12:19:32.753,1.27329,1.27352,2.10,1.50
2011.07.27 12:19:32.870,1.27329,1.27352,1.35,1.88
2011.07.27 12:19:32.989,1.27327,1.27352,3.23,1.88
2011.07.27 12:19:33.549,1.27327,1.27349,1.35,1.50
2011.07.27 12:19:34.219,1.27326,1.27349,3.23,1.50
2011.07.27 12:19:34.557,1.27326,1.27349,3.23,1.50
2011.07.27 12:19:35.780,1.27326,1.27349,3.23,1.50
2011.07.27 12:19:36.370,1.27326,1.27348,3.23,1.50
2011.07.27 12:19:36.927,1.27326,1.27348,3.23,1.50
2011.07.27 12:19:41.480,1.27328,1.27344,1.73,1.50
2011.07.27 12:19:41.600,1.27329,1.27349,1.13,1.50
2011.07.27 12:19:41.721,1.27335,1.27353,1.35,1.88
2011.07.27 12:19:41.951,1.27335,1.27354,1.35,3.38
2011.07.27 12:19:42.621,1.27339,1.2736,1.35,2.25
2011.07.27 12:19:43.388,1.27337,1.27359,3.98,1.50
2011.07.27 12:19:43.611,1.27337,1.27359,3.98,1.50
2011.07.27 12:19:43.951,1.27337,1.27359,3.98,1.50
2011.07.27 12:19:46.757,1.27333,1.27358,2.48,2.85
2011.07.27 12:19:47.091,1.27337,1.27354,1.35,1.88
2011.07.27 12:19:47.319,1.27337,1.27359,2.10,1.50
2011.07.27 12:19:47.550,1.27337,1.27358,2.10,1.50
2011.07.27 12:19:47.888,1.27334,1.27358,1.13,1.50
2011.07.27 12:19:48.117,1.27332,1.27353,2.10,1.88
2011.07.27 12:19:49.008,1.27332,1.27353,2.10,1.88
2011.07.27 12:19:49.740,1.27332,1.27353,2.10,1.88
2011.07.27 12:19:50.409,1.27332,1.27353,2.10,1.88
2011.07.27 12:19:50.967,1.27332,1.27353,2.10,1.88
2011.07.27 12:19:51.789,1.27335,1.27353,1.35,1.88
2011.07.27 12:19:57.248,1.27334,1.27354,2.10,1.13
2011.07.27 12:19:57.478,1.27332,1.27354,2.10,1.13
2011.07.27 12:19:57.598,1.27332,1.27353,2.10,1.13
2011.07.27 12:20:00.402,1.27332,1.27354,3.23,2.63
2011.07.27 12:20:00.726,1.27332,1.27353,3.23,1.13
2011.07.27 12:20:00.849,1.27343,1.27359,2.25,1.35
2011.07.27 12:20:00.975,1.27346,1.27364,1.13,1.50
2011.07.27 12:20:01.094,1.27348,1.27368,1.50,1.35
2011.07.27 12:20:01.212,1.27351,1.27368,1.13,1.35
2011.07.27 12:20:01.334,1.27352,1.27372,1.13,1.35
2011.07.27 12:20:01.455,1.27356,1.27371,1.13,1.35
2011.07.27 12:20:01.790,1.27357,1.27374,3.38,1.35
2011.07.27 12:20:02.423,1.27364,1.27382,1.13,1.36
2011.07.27 12:20:02.752,1.27361,1.27386,1.13,1.13
2011.07.27 12:20:03.181,1.27364,1.27386,1.35,1.74
2011.07.27 12:20:03.521,1.27366,1.27384,1.88,1.36
2011.07.27 12:20:04.192,1.27357,1.27383,3.98,2.86
2011.07.27 12:20:04.640,1.27359,1.2738,1.73,1.50
2011.07.27 12:20:05.638,1.27359,1.27382,1.73,1.50
2011.07.27 12:20:05.978,1.27356,1.27379,1.13,2.85
2011.07.27 12:20:06.098,1.27359,1.27381,1.73,1.50
2011.07.27 12:20:06.657,1.27358,1.27381,1.35,1.50
2011.07.27 12:20:07.221,1.27359,1.27382,1.35,1.50
2011.07.27 12:20:07.345,1.27359,1.27382,1.35,1.50
2011.07.27 12:20:07.681,1.27359,1.27383,1.73,3.38
2011.07.27 12:20:08.238,1.27359,1.27382,1.35,1.50
2011.07.27 12:20:08.800,1.27359,1.2738,1.35,1.50
2011.07.27 12:20:09.031,1.27357,1.2738,1.35,2.85
2011.07.27 12:20:09.150,1.2736,1.2738,1.35,1.50
2011.07.27 12:20:09.490,1.2736,1.27378,1.35,1.88
2011.07.27 12:20:09.724,1.27348,1.27371,2.25,1.50
2011.07.27 12:20:09.950,1.27347,1.2737,1.88,1.50
2011.07.27 12:20:10.289,1.27346,1.27369,1.88,1.50
2011.07.27 12:20:12.439,1.27346,1.27369,2.25,1.50
2011.07.27 12:20:12.998,1.27348,1.27367,1.35,1.50
2011.07.27 12:20:13.560,1.27348,1.27367,1.35,1.50
2011.07.27 12:20:14.449,1.27348,1.27372,1.35,2.25
2011.07.27 12:20:15.009,1.27347,1.27367,1.88,1.35
2011.07.27 12:20:15.238,1.2734,1.27366,2.63,2.48
2011.07.27 12:20:16.871,1.2734,1.27364,1.88,2.25
2011.07.27 12:20:17.213,1.2734,1.27365,1.50,2.48
2011.07.27 12:20:17.334,1.27341,1.27362,1.50,4.50
2011.07.27 12:20:17.671,1.27339,1.27359,1.13,1.35
2011.07.27 12:20:17.792,1.27337,1.27364,3.38,1.13
2011.07.27 12:20:19.009,1.27338,1.27364,1.50,3.00
2011.07.27 12:20:19.241,1.27338,1.27364,1.50,3.00
2011.07.27 12:20:19.589,1.27341,1.27364,1.50,1.88
2011.07.27 12:20:20.041,1.27342,1.27364,1.13,1.88
2011.07.27 12:20:20.599,1.27345,1.27364,2.10,1.88
2011.07.27 12:20:21.157,1.27345,1.27364,2.85,1.88
2011.07.27 12:20:22.379,1.27345,1.27364,2.10,1.88
2011.07.27 12:20:22.939,1.27345,1.27364,2.10,1.88
2011.07.27 12:20:23.469,1.27345,1.27364,2.10,1.88
2011.07.27 12:20:24.034,1.27348,1.27364,1.50,1.88
2011.07.27 12:20:24.371,1.27352,1.2737,2.25,1.35
2011.07.27 12:20:24.491,1.27353,1.27373,1.88,1.88
2011.07.27 12:20:24.830,1.2736,1.27381,1.35,1.13
2011.07.27 12:20:24.952,1.2736,1.27381,1.35,1.13
2011.07.27 12:20:25.179,1.27356,1.27381,1.13,1.13
2011.07.27 12:20:25.304,1.27354,1.27378,1.50,2.10
2011.07.27 12:20:25.766,1.27355,1.27376,1.50,1.13
2011.07.27 12:20:26.541,1.27353,1.27374,2.10,1.88
2011.07.27 12:20:27.099,1.27353,1.27374,1.50,1.88
2011.07.27 12:20:27.658,1.27354,1.27374,1.50,1.88
2011.07.27 12:20:28.002,1.2736,1.27384,2.63,2.63
2011.07.27 12:20:28.833,1.27361,1.27383,2.10,1.88
2011.07.27 12:20:29.287,1.27358,1.27383,1.50,1.88
2011.07.27 12:20:31.932,1.27358,1.2738,1.50,1.35
2011.07.27 12:20:32.161,1.27358,1.27383,2.85,2.63
2011.07.27 12:20:32.721,1.27357,1.27383,2.63,3.38
2011.07.27 12:20:32.839,1.27357,1.27383,3.38,3.38
2011.07.27 12:20:34.118,1.27358,1.27383,2.10,7.13
2011.07.27 12:20:35.120,1.27359,1.27383,1.35,3.38
2011.07.27 12:20:35.574,1.27361,1.27383,1.35,2.63
2011.07.27 12:20:36.012,1.2736,1.27385,2.48,3.60
2011.07.27 12:20:36.131,1.27367,1.27389,1.50,1.35
2011.07.27 12:20:36.253,1.27368,1.27392,1.50,1.35
2011.07.27 12:20:36.810,1.27367,1.27393,2.63,2.63
2011.07.27 12:20:37.038,1.27367,1.27393,2.63,2.63
2011.07.27 12:20:37.599,1.27367,1.27393,1.88,2.63
2011.07.27 12:20:38.749,1.27366,1.27389,2.63,2.10
2011.07.27 12:20:38.878,1.27366,1.27389,1.13,1.35
2011.07.27 12:20:38.999,1.27367,1.27389,2.63,2.85
2011.07.27 12:20:39.557,1.27367,1.27389,1.88,2.10
2011.07.27 12:20:40.108,1.27367,1.27389,1.88,2.10
2011.07.27 12:20:41.008,1.27367,1.27389,1.88,2.85
2011.07.27 12:20:41.567,1.27367,1.27389,1.88,2.85
2011.07.27 12:20:42.855,1.27367,1.27389,1.88,2.10
2011.07.27 12:20:43.408,1.27367,1.27388,1.88,1.50
2011.07.27 12:20:44.205,1.27364,1.27387,2.10,1.13
2011.07.27 12:20:44.660,1.27366,1.27387,1.13,1.35
2011.07.27 12:20:44.890,1.27367,1.27392,1.35,1.50
2011.07.27 12:20:45.447,1.27367,1.27391,3.98,1.50
2011.07.27 12:20:45.568,1.27367,1.2739,1.13,2.10
2011.07.27 12:20:45.908,1.27367,1.27388,1.13,1.50
2011.07.27 12:20:46.030,1.27366,1.27388,2.63,1.50
2011.07.27 12:20:46.658,1.27366,1.27387,2.63,5.25
2011.07.27 12:20:47.108,1.27362,1.27383,1.50,1.88
2011.07.27 12:20:47.449,1.27363,1.27383,2.85,1.88
2011.07.27 12:20:48.008,1.27365,1.27383,1.50,1.88
2011.07.27 12:20:48.569,1.27363,1.27383,2.85,1.88
2011.07.27 12:20:50.181,1.27367,1.27386,1.73,1.50
2011.07.27 12:20:50.301,1.27367,1.27386,1.73,1.50
2011.07.27 12:20:51.409,1.27369,1.27391,1.35,1.50
2011.07.27 12:20:51.749,1.27367,1.27389,3.23,1.50
2011.07.27 12:20:52.088,1.27367,1.27389,3.23,1.50
2011.07.27 12:20:52.889,1.2737,1.27389,1.35,1.50
2011.07.27 12:20:53.449,1.2737,1.27391,1.35,1.50
2011.07.27 12:20:54.008,1.27369,1.27391,1.35,1.50
2011.07.27 12:20:55.420,1.27367,1.27391,2.48,1.50
2011.07.27 12:20:55.765,1.27369,1.27391,1.35,1.50
2011.07.27 12:20:56.100,1.27369,1.2739,1.35,1.50
2011.07.27 12:20:56.657,1.27369,1.27385,1.35,1.50
2011.07.27 12:20:56.782,1.27359,1.27383,1.50,2.10
2011.07.27 12:20:56.900,1.27358,1.27383,4.35,2.10
2011.07.27 12:20:57.019,1.27358,1.27379,2.10,4.50
2011.07.27 12:20:57.140,1.27351,1.27374,3.60,2.10
2011.07.27 12:20:57.259,1.27355,1.27374,1.13,2.10
2011.07.27 12:20:57.379,1.27356,1.27377,1.13,1.50
2011.07.27 12:20:57.938,1.27356,1.27379,2.63,2.10
2011.07.27 12:20:58.670,1.27356,1.27379,2.63,2.10
2011.07.27 12:20:59.669,1.27356,1.27383,2.63,1.50
2011.07.27 12:21:00.229,1.27356,1.2738,2.63,2.10
2011.07.27 12:21:01.450,1.27357,1.2738,1.13,2.10
2011.07.27 12:21:01.570,1.27362,1.27383,1.35,2.25
2011.07.27 12:21:02.525,1.27362,1.27383,1.35,3.38
2011.07.27 12:21:03.007,1.27354,1.27374,1.50,2.85
2011.07.27 12:21:03.127,1.27347,1.27371,2.63,1.50
2011.07.27 12:21:03.249,1.27347,1.27372,1.88,2.85
2011.07.27 12:21:04.851,1.27349,1.27371,1.50,1.35
2011.07.27 12:21:05.190,1.27346,1.27371,3.98,2.48
2011.07.27 12:21:05.748,1.27347,1.27371,1.88,1.50
2011.07.27 12:21:07.853,1.2735,1.27371,1.13,1.50
2011.07.27 12:21:08.083,1.27356,1.27379,1.35,1.50
2011.07.27 12:21:08.325,1.27357,1.2738,2.48,1.50
2011.07.27 12:21:08.553,1.2736,1.27384,1.35,2.63
2011.07.27 12:21:08.888,1.27358,1.27382,1.73,1.50
2011.07.27 12:21:13.158,1.27358,1.27382,1.35,1.50
2011.07.27 12:21:14.051,1.27358,1.27382,2.10,1.50
2011.07.27 12:21:14.391,1.27357,1.27378,3.75,1.50
2011.07.27 12:21:15.717,1.27357,1.27381,1.50,3.60
2011.07.27 12:21:16.280,1.27358,1.27381,1.35,2.10
2011.07.27 12:21:17.039,1.27358,1.27381,2.10,1.35
2011.07.27 12:21:17.597,1.27358,1.27381,1.35,2.10
2011.07.27 12:21:20.247,1.27362,1.27383,1.35,3.38
2011.07.27 12:21:23.327,1.27361,1.27384,2.10,3.38
2011.07.27 12:21:25.651,1.27361,1.27382,2.10,1.50
2011.07.27 12:21:25.882,1.27358,1.27381,1.50,1.50
2011.07.27 12:21:26.525,1.27356,1.27381,5.48,1.50
2011.07.27 12:21:27.089,1.27357,1.2738,1.50,1.50
2011.07.27 12:21:27.210,1.27357,1.2738,1.50,2.63
2011.07.27 12:21:27.441,1.27354,1.27377,2.48,1.35
2011.07.27 12:21:27.668,1.27354,1.27374,1.35,1.88
2011.07.27 12:21:27.898,1.27356,1.2738,1.73,2.25
2011.07.27 12:21:28.239,1.27356,1.2738,1.73,1.50
2011.07.27 12:21:28.798,1.27357,1.2738,1.88,2.25
2011.07.27 12:21:31.257,1.27356,1.27378,1.73,1.50
2011.07.27 12:21:31.698,1.27353,1.27374,2.85,1.88
2011.07.27 12:21:32.591,1.27353,1.27374,3.60,1.88
2011.07.27 12:21:33.918,1.27357,1.27374,1.50,1.88
2011.07.27 12:21:34.149,1.27355,1.27374,1.50,1.88
2011.07.27 12:21:35.281,1.27355,1.27376,1.50,1.50
2011.07.27 12:21:35.508,1.27353,1.27376,2.10,1.13
2011.07.27 12:21:36.038,1.27354,1.27373,1.50,1.88
2011.07.27 12:21:36.382,1.27354,1.27373,1.50,1.88
2011.07.27 12:21:36.938,1.27354,1.27373,1.50,1.88
2011.07.27 12:21:43.422,1.27356,1.27373,1.50,1.88
2011.07.27 12:21:43.760,1.27358,1.27383,1.13,1.35
2011.07.27 12:21:43.879,1.27362,1.27384,1.50,1.88
2011.07.27 12:21:44.002,1.27361,1.27383,1.50,1.88
2011.07.27 12:21:44.229,1.27364,1.27384,1.35,1.13
2011.07.27 12:21:44.459,1.27362,1.27378,1.13,1.50
2011.07.27 12:21:45.029,1.27361,1.27379,2.10,2.25
2011.07.27 12:21:46.137,1.27361,1.27379,2.10,2.25
2011.07.27 12:21:46.834,1.27361,1.27376,1.35,1.50
2011.07.27 12:21:46.954,1.27356,1.27382,1.88,1.50
2011.07.27 12:21:47.179,1.27357,1.27381,1.88,1.50
2011.07.27 12:21:47.737,1.27357,1.27381,1.88,2.25
2011.07.27 12:21:48.845,1.27357,1.27379,1.88,2.85
2011.07.27 12:21:49.291,1.27356,1.2738,1.88,2.25
2011.07.27 12:21:49.522,1.27349,1.27371,2.25,1.50
2011.07.27 12:21:49.641,1.27348,1.27368,1.35,1.50
2011.07.27 12:21:49.759,1.27346,1.27368,1.88,1.50
2011.07.27 12:21:50.539,1.27346,1.27368,1.88,1.50
2011.07.27 12:21:51.430,1.27346,1.27367,1.50,1.50
2011.07.27 12:21:51.919,1.2735,1.27367,1.35,1.50
2011.07.27 12:21:52.044,1.2735,1.27367,1.35,1.50
2011.07.27 12:21:53.264,1.2735,1.27367,1.35,1.50
2011.07.27 12:21:54.589,1.27348,1.27365,2.10,2.25
2011.07.27 12:21:55.260,1.27348,1.27372,1.35,1.74
2011.07.27 12:21:55.490,1.27344,1.27365,2.85,1.50
2011.07.27 12:21:55.609,1.27348,1.27365,1.35,1.50
2011.07.27 12:21:56.634,1.27348,1.27365,2.85,1.50
2011.07.27 12:21:56.975,1.27357,1.2737,1.88,1.50
2011.07.27 12:21:57.090,1.27351,1.2737,1.35,1.50
2011.07.27 12:21:57.647,1.27351,1.2737,1.35,1.50
2011.07.27 12:21:58.004,1.2735,1.27373,2.10,4.35
2011.07.27 12:21:58.124,1.27352,1.27372,2.10,1.50
2011.07.27 12:21:58.243,1.27352,1.27366,1.35,1.50
2011.07.27 12:21:58.844,1.27356,1.27366,1.35,1.50
2011.07.27 12:21:58.973,1.27352,1.27371,1.13,1.50
2011.07.27 12:21:59.531,1.27353,1.27372,2.85,1.50
2011.07.27 12:21:59.653,1.27356,1.27371,1.88,1.50
2011.07.27 12:21:59.993,1.27348,1.27368,1.35,1.50
2011.07.27 12:22:00.220,1.27347,1.27367,1.88,3.00
2011.07.27 12:22:00.779,1.27346,1.27364,1.88,2.25
2011.07.27 12:22:02.563,1.2734,1.2736,1.35,1.50
2011.07.27 12:22:02.681,1.27339,1.27357,1.35,1.50
2011.07.27 12:22:03.022,1.27343,1.27361,1.35,1.50
2011.07.27 12:22:03.908,1.27343,1.27361,1.35,1.50
2011.07.27 12:22:04.032,1.27341,1.27361,2.10,1.50
2011.07.27 12:22:04.590,1.27341,1.2736,1.35,1.50
2011.07.27 12:22:05.039,1.27341,1.27356,1.35,1.50
2011.07.27 12:22:05.161,1.27336,1.27357,1.88,1.50
2011.07.27 12:22:05.692,1.27336,1.27357,2.10,1.50
2011.07.27 12:22:05.818,1.27335,1.27353,1.35,1.88
2011.07.27 12:22:05.939,1.27331,1.2735,1.50,1.50
2011.07.27 12:22:06.501,1.27329,1.27349,2.10,1.50
2011.07.27 12:22:07.061,1.2733,1.2735,1.35,2.25
2011.07.27 12:22:08.720,1.2733,1.2735,2.10,2.25
2011.07.27 12:22:09.690,1.2733,1.2735,1.35,2.25
2011.07.27 12:22:09.929,1.2733,1.27352,1.35,2.25
2011.07.27 12:22:10.052,1.2733,1.27352,1.35,2.25
2011.07.27 12:22:10.608,1.27329,1.27344,1.50,1.50
2011.07.27 12:22:10.842,1.27327,1.27344,1.50,1.50
2011.07.27 12:22:10.963,1.27327,1.27349,1.13,1.50
2011.07.27 12:22:11.080,1.27333,1.27347,2.10,1.50
2011.07.27 12:22:11.491,1.27337,1.27354,1.73,1.50
2011.07.27 12:22:11.722,1.27337,1.27357,3.60,1.50
2011.07.27 12:22:11.841,1.27341,1.27357,1.35,1.50
2011.07.27 12:22:12.403,1.27341,1.27357,1.73,1.50
2011.07.27 12:22:12.798,1.27341,1.27357,1.73,1.50
2011.07.27 12:22:12.927,1.27343,1.27358,2.10,1.50
2011.07.27 12:22:13.273,1.27346,1.27364,1.35,2.63
2011.07.27 12:22:14.930,1.27344,1.27364,1.35,3.38
2011.07.27 12:22:16.713,1.27344,1.27362,1.35,1.36
2011.07.27 12:22:17.050,1.27346,1.27361,1.35,1.50
2011.07.27 12:22:17.390,1.27346,1.2736,1.35,1.50
2011.07.27 12:22:17.620,1.27344,1.2736,1.35,1.50
2011.07.27 12:22:17.850,1.27342,1.2736,2.10,1.50
2011.07.27 12:22:19.288,1.27342,1.27361,2.85,1.50
2011.07.27 12:22:19.521,1.27343,1.27364,1.88,3.38
2011.07.27 12:22:19.866,1.27346,1.27364,1.50,3.38
2011.07.27 12:22:19.990,1.2735,1.27368,1.35,1.50
2011.07.27 12:22:20.110,1.27347,1.27367,1.13,1.50
2011.07.27 12:22:20.669,1.27346,1.27368,4.73,1.50
2011.07.27 12:22:20.906,1.27346,1.27365,4.73,1.50
2011.07.27 12:22:21.021,1.27346,1.27362,3.38,1.50
2011.07.27 12:22:21.471,1.27341,1.27362,2.63,1.50
2011.07.27 12:22:22.141,1.27341,1.27355,1.50,1.50
2011.07.27 12:22:22.371,1.27341,1.2736,1.50,1.50
2011.07.27 12:22:22.492,1.2734,1.2736,1.35,1.50
2011.07.27 12:22:22.608,1.2734,1.27358,1.35,1.50
2011.07.27 12:22:22.841,1.27341,1.27361,1.13,1.50
2011.07.27 12:22:23.269,1.27345,1.27364,1.35,3.38
2011.07.27 12:22:23.719,1.27343,1.27362,2.10,1.50
2011.07.27 12:22:24.609,1.27343,1.2736,2.10,1.50
2011.07.27 12:22:24.840,1.27342,1.27361,1.50,1.50
2011.07.27 12:22:24.963,1.2734,1.2736,1.50,1.50
2011.07.27 12:22:25.081,1.2734,1.27353,2.85,1.50
2011.07.27 12:22:25.200,1.2734,1.2736,2.85,1.50
2011.07.27 12:22:25.321,1.2734,1.27357,1.50,1.50
2011.07.27 12:22:25.659,1.27337,1.27354,1.13,1.50
2011.07.27 12:22:26.001,1.27337,1.27353,1.88,1.50
2011.07.27 12:22:27.002,1.27332,1.2735,1.50,1.50
2011.07.27 12:22:27.348,1.27328,1.27344,2.10,1.50
2011.07.27 12:22:28.128,1.27328,1.27344,2.10,1.50
2011.07.27 12:22:28.254,1.27327,1.27345,4.73,1.50
2011.07.27 12:22:30.168,1.27328,1.27348,1.50,1.50
2011.07.27 12:22:30.729,1.27328,1.27348,1.50,1.50
2011.07.27 12:22:31.623,1.27332,1.27352,2.63,1.50
2011.07.27 12:22:31.854,1.27337,1.27357,1.35,1.50
2011.07.27 12:22:31.968,1.27337,1.27359,2.10,1.50
2011.07.27 12:22:32.420,1.27339,1.27359,2.10,1.50
2011.07.27 12:22:33.638,1.27339,1.27359,2.10,1.50
2011.07.27 12:22:34.312,1.27339,1.27359,2.48,1.50
2011.07.27 12:22:34.658,1.27343,1.27363,1.35,3.38
2011.07.27 12:22:35.317,1.27344,1.27363,1.35,2.25
2011.07.27 12:22:35.546,1.27343,1.27362,1.35,1.50
2011.07.27 12:22:35.880,1.27343,1.27362,2.10,1.50
2011.07.27 12:22:36.417,1.27343,1.27362,2.10,1.50
2011.07.27 12:22:36.981,1.27341,1.27362,2.10,1.50
2011.07.27 12:22:37.981,1.27345,1.27362,1.50,1.50
2011.07.27 12:22:38.098,1.27345,1.27364,2.85,3.38
2011.07.27 12:22:38.331,1.27348,1.27366,1.35,1.50
2011.07.27 12:22:39.726,1.27347,1.27367,3.38,1.50
2011.07.27 12:22:40.600,1.27347,1.27366,2.63,1.50
2011.07.27 12:22:41.162,1.27347,1.27365,2.63,1.50
2011.07.27 12:22:41.281,1.27347,1.27363,1.88,1.50
2011.07.27 12:22:42.174,1.27347,1.27361,1.88,1.50
2011.07.27 12:22:42.509,1.27342,1.27358,1.13,1.50
2011.07.27 12:22:42.627,1.27341,1.27358,2.10,1.50
2011.07.27 12:22:43.188,1.27339,1.27359,2.10,1.50
2011.07.27 12:22:44.240,1.2734,1.27356,1.35,2.25
2011.07.27 12:22:44.366,1.2734,1.27355,1.35,1.50
2011.07.27 12:22:44.703,1.27327,1.27343,1.88,1.88
2011.07.27 12:22:44.823,1.27319,1.27343,2.25,3.23
2011.07.27 12:22:44.940,1.27317,1.27343,2.25,3.23
2011.07.27 12:22:45.391,1.27316,1.27342,4.35,1.50
2011.07.27 12:22:45.732,1.27316,1.27342,4.35,1.50
2011.07.27 12:22:47.732,1.27316,1.27343,6.60,2.10
2011.07.27 12:22:48.292,1.27318,1.27344,2.10,2.63
2011.07.27 12:22:48.741,1.27319,1.27344,1.35,4.73
2011.07.27 12:22:48.860,1.27316,1.27343,5.85,2.10
2011.07.27 12:22:50.189,1.27319,1.27343,1.35,2.85
2011.07.27 12:22:51.028,1.27317,1.27342,2.10,2.10
2011.07.27 12:22:51.587,1.27317,1.27342,2.10,2.10
2011.07.27 12:22:56.109,1.27316,1.27341,4.73,2.85
2011.07.27 12:22:56.230,1.27316,1.27341,3.98,3.60
2011.07.27 12:22:56.349,1.27316,1.2734,3.98,1.13
2011.07.27 12:22:56.691,1.27316,1.27339,3.23,1.88
2011.07.27 12:22:57.582,1.27316,1.27339,1.88,3.60
2011.07.27 12:22:57.700,1.27316,1.27339,1.88,3.98
2011.07.27 12:22:58.039,1.27316,1.27336,1.88,1.13
2011.07.27 12:22:58.380,1.27316,1.27337,1.88,2.25
2011.07.27 12:23:00.312,1.27317,1.27337,1.88,2.25
2011.07.27 12:23:01.200,1.27317,1.27337,1.88,1.50
2011.07.27 12:23:04.689,1.27321,1.27338,1.35,2.25
2011.07.27 12:23:04.918,1.27314,1.27334,2.10,1.13
2011.07.27 12:23:05.922,1.27313,1.27333,1.35,2.63
2011.07.27 12:23:06.041,1.27315,1.27334,1.35,1.13
2011.07.27 12:23:06.597,1.27317,1.27338,1.88,3.00
2011.07.27 12:23:07.838,1.27317,1.27338,1.88,3.00
2011.07.27 12:23:09.632,1.27313,1.27333,1.13,1.50
2011.07.27 12:23:09.968,1.27312,1.27333,1.73,1.50
2011.07.27 12:23:10.533,1.27316,1.27333,1.50,1.50
2011.07.27 12:23:10.980,1.27313,1.27333,1.73,1.50
2011.07.27 12:23:11.541,1.27315,1.27333,1.35,2.63
2011.07.27 12:23:12.099,1.27316,1.27338,1.73,1.50
2011.07.27 12:23:13.609,1.27317,1.27339,1.35,1.50
2011.07.27 12:23:13.952,1.27317,1.27339,1.35,1.50
2011.07.27 12:23:16.371,1.27316,1.27339,3.23,1.50
2011.07.27 12:23:17.149,1.27316,1.27339,3.23,2.25
2011.07.27 12:23:20.294,1.27312,1.27328,1.50,2.10
2011.07.27 12:23:20.409,1.27307,1.27327,1.50,1.50
2011.07.27 12:23:20.859,1.27307,1.27325,1.88,1.50
2011.07.27 12:23:23.859,1.27307,1.27324,3.23,1.50
2011.07.27 12:23:27.088,1.27307,1.27325,3.23,1.50
2011.07.27 12:23:27.649,1.27307,1.27328,3.23,1.50
2011.07.27 12:23:27.989,1.27307,1.27325,3.23,1.50
2011.07.27 12:23:28.222,1.27307,1.27326,3.60,1.50
2011.07.27 12:23:28.639,1.27316,1.27337,1.35,1.50
2011.07.27 12:23:28.764,1.27316,1.27339,1.73,1.50
2011.07.27 12:23:29.209,1.27317,1.27342,1.88,1.50
2011.07.27 12:23:29.769,1.27317,1.27343,1.88,5.48
2011.07.27 12:23:30.221,1.27317,1.27343,1.88,3.98
2011.07.27 12:23:30.780,1.27318,1.27343,1.13,3.98
2011.07.27 12:23:32.747,1.27318,1.27343,2.63,2.63
2011.07.27 12:23:34.069,1.27317,1.27342,1.50,2.85
2011.07.27 12:23:34.630,1.27316,1.27341,2.63,1.50
2011.07.27 12:23:35.188,1.27316,1.27341,3.23,2.10
2011.07.27 12:23:37.218,1.27319,1.27342,1.35,3.60
2011.07.27 12:23:37.906,1.27319,1.27341,1.35,1.50
2011.07.27 12:23:38.461,1.27312,1.27337,1.73,2.10
2011.07.27 12:23:39.572,1.27312,1.27333,2.10,2.63
2011.07.27 12:23:39.908,1.27318,1.27339,1.35,1.50
2011.07.27 12:23:40.359,1.27318,1.27339,1.35,1.50
2011.07.27 12:23:40.920,1.27317,1.27337,1.88,1.50
2011.07.27 12:23:41.367,1.27313,1.27334,1.35,2.63
2011.07.27 12:23:41.476,1.27313,1.27334,1.35,2.63
2011.07.27 12:23:42.502,1.27313,1.27333,1.35,1.50
2011.07.27 12:23:42.619,1.27308,1.27333,1.35,3.23
2011.07.27 12:23:42.847,1.27308,1.27333,1.35,3.23
2011.07.27 12:23:43.190,1.27308,1.27331,1.35,1.13
2011.07.27 12:23:43.973,1.27308,1.2733,1.35,1.50
2011.07.27 12:23:44.751,1.27308,1.27333,1.35,5.48
2011.07.27 12:23:45.310,1.27307,1.27331,3.23,2.10
2011.07.27 12:23:45.871,1.27307,1.27331,3.98,2.10
2011.07.27 12:23:46.318,1.27307,1.27331,3.23,2.85
2011.07.27 12:23:46.811,1.27307,1.27331,3.23,2.85
2011.07.27 12:23:47.920,1.27307,1.27329,1.88,1.50
2011.07.27 12:23:48.259,1.27307,1.27324,1.88,1.50
2011.07.27 12:23:48.712,1.27299,1.27324,1.88,1.13
2011.07.27 12:23:49.268,1.27299,1.27323,1.50,2.63
2011.07.27 12:23:49.610,1.27302,1.27323,1.50,2.63
2011.07.27 12:23:50.167,1.27304,1.27323,2.10,2.63
2011.07.27 12:23:50.499,1.27304,1.27323,2.85,1.88
2011.07.27 12:23:51.945,1.27309,1.27323,1.35,1.88
2011.07.27 12:23:52.278,1.27304,1.27323,1.50,1.88
2011.07.27 12:23:53.943,1.27305,1.27323,1.35,1.88
2011.07.27 12:23:54.172,1.27307,1.27323,1.65,1.88
2011.07.27 12:23:54.791,1.27309,1.27323,1.50,1.88
2011.07.27 12:23:55.142,1.2731,1.27323,1.13,1.88
2011.07.27 12:23:55.263,1.2731,1.27333,1.13,1.88
2011.07.27 12:23:56.368,1.2731,1.27333,1.50,2.63
2011.07.27 12:23:57.258,1.2731,1.27333,1.50,1.88
2011.07.27 12:23:58.381,1.27311,1.27333,1.50,1.88
2011.07.27 12:23:59.048,1.27312,1.27333,1.35,1.88
2011.07.27 12:23:59.829,1.2731,1.27333,1.50,1.88
2011.07.27 12:24:00.608,1.2731,1.27334,1.50,1.88
2011.07.27 12:24:01.279,1.2731,1.27334,1.88,1.88
2011.07.27 12:24:01.839,1.2731,1.27334,1.50,1.88
2011.07.27 12:24:03.480,1.27309,1.27333,1.50,1.13
2011.07.27 12:24:04.045,1.27323,1.27334,1.35,2.63
2011.07.27 12:24:04.160,1.27323,1.27336,1.35,1.50
2011.07.27 12:24:04.391,1.27316,1.27339,1.88,2.25
2011.07.27 12:24:04.950,1.27314,1.2734,1.13,3.83
2011.07.27 12:24:05.289,1.27314,1.2734,1.13,2.63
2011.07.27 12:24:05.852,1.27315,1.27338,1.50,1.50
2011.07.27 12:24:06.199,1.27319,1.27339,2.48,1.50
2011.07.27 12:24:06.868,1.27319,1.27339,2.25,1.50
2011.07.27 12:24:07.102,1.27319,1.27339,3.23,1.50
2011.07.27 12:24:07.222,1.27319,1.27339,3.98,1.50
2011.07.27 12:24:07.560,1.27319,1.2734,3.23,1.50
2011.07.27 12:24:08.561,1.27318,1.2734,1.88,1.50
2011.07.27 12:24:08.901,1.27318,1.27336,1.35,2.25
2011.07.27 12:24:09.651,1.27308,1.27333,2.25,1.50
2011.07.27 12:24:09.879,1.27307,1.27333,1.50,1.50
2011.07.27 12:24:10.659,1.27307,1.27333,2.63,2.63
2011.07.27 12:24:11.113,1.2731,1.27333,1.35,2.63
2011.07.27 12:24:11.451,1.2731,1.27333,1.35,2.63
2011.07.27 12:24:13.887,1.27309,1.27333,1.50,2.63
2011.07.27 12:24:14.439,1.27307,1.27333,2.63,3.38
2011.07.27 12:24:15.882,1.27313,1.27333,1.35,2.63
2011.07.27 12:24:16.445,1.27315,1.27333,1.35,1.88
2011.07.27 12:24:16.674,1.27312,1.27334,2.10,1.13
2011.07.27 12:24:16.790,1.27315,1.27334,1.35,1.13
2011.07.27 12:24:17.148,1.27311,1.27333,2.10,1.88
2011.07.27 12:24:17.930,1.2731,1.27333,2.25,3.00
2011.07.27 12:24:18.270,1.2731,1.27333,1.50,2.25
2011.07.27 12:24:24.400,1.27309,1.27335,1.50,3.23
2011.07.27 12:24:24.854,1.27309,1.27333,2.85,2.10
2011.07.27 12:24:25.382,1.27312,1.27336,1.35,1.50
2011.07.27 12:24:26.050,1.27313,1.27338,1.35,2.10
2011.07.27 12:24:26.174,1.27312,1.27337,1.35,2.10
2011.07.27 12:24:27.169,1.27312,1.27337,2.10,2.10
2011.07.27 12:24:27.730,1.27312,1.27337,2.85,2.10
2011.07.27 12:24:28.289,1.27312,1.27337,2.85,2.48
2011.07.27 12:24:30.809,1.27311,1.27337,1.50,3.23
2011.07.27 12:24:33.271,1.27312,1.27335,1.50,2.48
2011.07.27 12:24:33.717,1.27309,1.27334,1.50,1.50
2011.07.27 12:24:36.370,1.27308,1.27333,1.50,1.88
2011.07.27 12:24:37.918,1.27309,1.27333,1.50,1.13
2011.07.27 12:24:38.437,1.2731,1.27333,1.50,1.13
2011.07.27 12:24:40.717,1.2731,1.27333,1.50,1.13
2011.07.27 12:24:43.679,1.27308,1.27332,1.50,4.13
2011.07.27 12:24:43.799,1.27308,1.27329,1.50,1.35
2011.07.27 12:24:44.357,1.27308,1.27331,1.50,1.73
2011.07.27 12:24:45.180,1.27308,1.27331,1.50,1.73
2011.07.27 12:24:45.958,1.27308,1.2733,1.50,1.13
2011.07.27 12:24:46.413,1.27313,1.27331,5.25,2.10
2011.07.27 12:24:46.754,1.27316,1.27339,2.85,1.35
2011.07.27 12:24:47.149,1.27324,1.27348,1.88,3.45
2011.07.27 12:24:47.277,1.27324,1.27348,1.88,2.10
2011.07.27 12:24:54.409,1.27327,1.27346,1.88,1.13
2011.07.27 12:24:55.849,1.27327,1.27346,2.63,1.13
2011.07.27 12:24:56.080,1.27327,1.27348,1.13,2.10
2011.07.27 12:24:56.422,1.27327,1.27348,1.50,1.35
2011.07.27 12:24:56.540,1.27329,1.27353,1.50,2.63
2011.07.27 12:24:56.662,1.27335,1.27357,1.35,2.25
2011.07.27 12:24:56.999,1.27329,1.27356,1.13,1.50
2011.07.27 12:24:57.559,1.27327,1.27347,2.10,1.50
2011.07.27 12:24:58.155,1.27327,1.27353,1.50,3.23
2011.07.27 12:25:00.348,1.27327,1.27351,1.73,1.50
2011.07.27 12:25:00.580,1.27327,1.27352,1.35,2.10
2011.07.27 12:25:00.920,1.2733,1.27352,4.50,2.10
2011.07.27 12:25:01.262,1.27336,1.27357,2.10,1.50
2011.07.27 12:25:01.598,1.27336,1.27355,1.88,2.10
2011.07.27 12:25:03.462,1.27336,1.27355,1.88,2.10
2011.07.27 12:25:03.590,1.27339,1.27357,1.35,1.50
2011.07.27 12:25:03.822,1.27339,1.27357,1.35,1.50
2011.07.27 12:25:03.939,1.27336,1.27357,1.88,1.50
2011.07.27 12:25:05.629,1.27337,1.27356,1.88,2.10
2011.07.27 12:25:06.740,1.27337,1.27357,1.88,1.50
2011.07.27 12:25:07.300,1.27337,1.27357,1.88,1.50
2011.07.27 12:25:07.851,1.27336,1.27356,1.88,2.85
2011.07.27 12:25:10.887,1.27337,1.27356,1.88,2.85
2011.07.27 12:25:13.250,1.27337,1.27357,1.88,2.85
2011.07.27 12:25:13.588,1.27337,1.27357,1.88,1.50
2011.07.27 12:25:15.089,1.27334,1.27357,2.48,1.50
2011.07.27 12:25:16.137,1.27337,1.27357,1.88,1.50
2011.07.27 12:25:16.799,1.27337,1.27352,1.88,2.10
2011.07.27 12:25:17.490,1.27338,1.27352,1.13,1.35
2011.07.27 12:25:17.721,1.27337,1.27361,2.63,1.88
2011.07.27 12:25:17.951,1.27337,1.27358,1.88,1.50
2011.07.27 12:25:18.070,1.27335,1.27355,2.10,1.50
2011.07.27 12:25:18.409,1.27337,1.2736,2.63,2.10
2011.07.27 12:25:18.528,1.27337,1.2736,2.63,2.10
2011.07.27 12:25:19.089,1.27337,1.27363,3.98,3.98
2011.07.27 12:25:19.318,1.2734,1.27363,2.10,3.98
2011.07.27 12:25:20.077,1.27337,1.2736,1.88,1.50
2011.07.27 12:25:20.309,1.27336,1.27363,2.63,1.13
2011.07.27 12:25:20.867,1.27337,1.27363,1.88,3.00
2011.07.27 12:25:21.430,1.27337,1.27361,3.38,1.13
2011.07.27 12:25:21.771,1.27344,1.27363,1.35,1.13
2011.07.27 12:25:22.109,1.27346,1.27364,1.50,1.13
2011.07.27 12:25:22.560,1.27345,1.27368,1.73,1.50
2011.07.27 12:25:23.507,1.27346,1.27371,3.23,2.10
2011.07.27 12:25:24.059,1.27346,1.27371,2.48,2.10
2011.07.27 12:25:24.636,1.27346,1.27371,3.98,2.10
2011.07.27 12:25:27.498,1.27346,1.27371,3.23,2.10
2011.07.27 12:25:27.841,1.27346,1.27371,1.73,2.10
2011.07.27 12:25:29.255,1.27347,1.27371,2.63,2.10
2011.07.27 12:25:29.372,1.27347,1.27371,2.63,2.10
2011.07.27 12:25:29.933,1.27348,1.27373,1.88,2.10
2011.07.27 12:25:30.268,1.27357,1.27375,1.88,3.42
2011.07.27 12:25:30.718,1.27357,1.27375,1.88,3.42
2011.07.27 12:25:35.760,1.2735,1.27374,2.10,1.88
2011.07.27 12:25:35.988,1.27349,1.27372,1.35,2.10
2011.07.27 12:25:36.109,1.27349,1.27372,1.35,2.10
2011.07.27 12:25:40.480,1.27347,1.27368,2.63,1.50
2011.07.27 12:25:41.001,1.27346,1.27369,1.88,1.13
2011.07.27 12:25:41.560,1.27341,1.27361,1.50,1.35
2011.07.27 12:25:42.117,1.2734,1.27361,1.50,2.10
2011.07.27 12:25:43.139,1.2734,1.27361,1.50,2.10
2011.07.27 12:25:43.371,1.27344,1.27363,1.35,1.13
2011.07.27 12:25:43.708,1.27347,1.27369,1.88,2.10
2011.07.27 12:25:44.728,1.27347,1.27369,1.88,2.10
2011.07.27 12:25:45.298,1.27347,1.27369,1.88,2.10
2011.07.27 12:25:46.697,1.27347,1.27369,1.88,2.10
2011.07.27 12:25:55.538,1.27347,1.27369,1.88,2.10
2011.07.27 12:25:58.098,1.27347,1.27369,1.88,2.10
2011.07.27 12:25:58.629,1.27347,1.27369,2.25,2.10
2011.07.27 12:25:58.980,1.27348,1.27373,1.88,2.63
2011.07.27 12:25:59.427,1.27348,1.27373,1.88,2.63
2011.07.27 12:26:01.729,1.27348,1.27374,1.88,2.63
2011.07.27 12:26:03.361,1.27348,1.2737,1.50,2.10
2011.07.27 12:26:03.701,1.27348,1.2737,1.50,2.10
2011.07.27 12:26:04.477,1.27347,1.2737,3.38,2.10
2011.07.27 12:26:05.041,1.27346,1.27368,1.88,1.13
2011.07.27 12:26:05.161,1.27345,1.27365,1.13,2.10
2011.07.27 12:26:05.388,1.27342,1.27363,3.38,1.88
2011.07.27 12:26:08.750,1.27345,1.27365,1.50,2.48
2011.07.27 12:26:09.308,1.27346,1.2737,1.88,2.10
2011.07.27 12:26:16.319,1.27344,1.27365,1.50,1.13
2011.07.27 12:26:17.099,1.27346,1.2737,1.88,2.10
2011.07.27 12:26:20.250,1.27346,1.2737,1.88,2.10
2011.07.27 12:26:21.576,1.27346,1.2737,2.63,2.10
2011.07.27 12:26:23.747,1.27346,1.2737,2.63,2.10
2011.07.27 12:26:24.617,1.27346,1.2737,1.88,2.10
2011.07.27 12:26:25.340,1.27344,1.27364,1.50,1.13
2011.07.27 12:26:25.791,1.27342,1.27364,1.50,1.13
2011.07.27 12:26:26.240,1.27341,1.27361,1.50,1.35
2011.07.27 12:26:26.578,1.27343,1.27364,1.50,1.13
2011.07.27 12:26:27.014,1.27346,1.2737,1.88,2.10
2011.07.27 12:26:27.574,1.27346,1.2737,2.63,2.10
2011.07.27 12:26:29.839,1.27346,1.27363,2.63,1.50
2011.07.27 12:26:30.179,1.27347,1.27364,1.13,1.50
2011.07.27 12:26:31.179,1.27346,1.27363,1.13,1.50
2011.07.27 12:26:31.300,1.27344,1.27363,2.10,1.50
2011.07.27 12:26:31.420,1.27344,1.27369,2.48,1.13
2011.07.27 12:26:32.000,1.27336,1.27356,1.88,1.35
2011.07.27 12:26:32.241,1.27336,1.27355,1.88,1.36
2011.07.27 12:26:33.019,1.27336,1.27359,1.88,2.10
2011.07.27 12:26:33.360,1.27336,1.27359,2.63,2.10
2011.07.27 12:26:34.140,1.27336,1.27359,1.88,2.10
2011.07.27 12:26:34.707,1.27345,1.27359,1.88,2.10
2011.07.27 12:26:34.943,1.27353,1.27368,1.35,1.50
