2015.07.13 02:00:00.251,1.89904,1.89926,1.00,1.50
2015.07.13 02:00:00.555,1.89902,1.89926,1.00,1.50
2015.07.13 02:00:00.860,1.89901,1.89924,1.00,1.00
2015.07.13 02:00:01.035,1.89898,1.89922,1.12,1.50
2015.07.13 02:00:01.597,1.89898,1.89922,1.87,1.50
2015.07.13 02:00:01.750,1.89901,1.89922,1.00,1.00
2015.07.13 02:00:02.057,1.89903,1.89922,1.00,1.00
2015.07.13 02:00:02.422,1.89901,1.89922,1.00,1.00
2015.07.13 02:00:02.879,1.89903,1.89922,1.00,1.00
2015.07.13 02:00:03.082,1.89901,1.89922,1.00,1.00
2015.07.13 02:00:03.388,1.89903,1.89922,1.00,1.00
2015.07.13 02:00:03.852,1.89908,1.89922,1.00,1.00
2015.07.13 02:00:04.055,1.89903,1.89922,1.00,1.00
2015.07.13 02:00:04.157,1.89903,1.89926,1.00,1.50
2015.07.13 02:00:04.686,1.89902,1.89926,1.87,1.50
2015.07.13 02:00:04.737,1.89905,1.89926,1.50,1.00
2015.07.13 02:00:04.839,1.89905,1.89928,1.87,1.00
2015.07.13 02:00:05.555,1.89905,1.89928,2.62,1.00
2015.07.13 02:00:05.861,1.8991,1.89928,1.50,1.00
2015.07.13 02:00:05.913,1.8991,1.89931,1.50,1.00
2015.07.13 02:00:08.449,1.89905,1.89931,2.62,1.00
2015.07.13 02:00:09.131,1.89908,1.89931,1.00,1.00
2015.07.13 02:00:09.436,1.8991,1.89934,1.75,1.00
2015.07.13 02:00:10.237,1.89912,1.89935,1.87,1.00
2015.07.13 02:00:10.784,1.89912,1.89935,1.87,1.00
2015.07.13 02:00:11.183,1.89912,1.89935,1.87,1.00
2015.07.13 02:00:13.100,1.89912,1.89935,1.87,1.00
2015.07.13 02:00:13.728,1.89912,1.89935,1.87,1.00
2015.07.13 02:00:14.033,1.89913,1.89936,1.00,1.00
2015.07.13 02:00:15.060,1.89912,1.89936,1.12,2.25
2015.07.13 02:00:15.350,1.89912,1.89932,1.00,1.00
2015.07.13 02:00:15.553,1.89912,1.89936,1.50,1.50
2015.07.13 02:00:15.757,1.89912,1.89933,1.00,1.00
2015.07.13 02:00:16.609,1.89909,1.89933,1.00,1.00
2015.07.13 02:00:18.395,1.8991,1.89933,1.00,1.00
2015.07.13 02:00:18.447,1.8991,1.89933,1.37,1.00
2015.07.13 02:00:18.955,1.8991,1.89933,1.37,1.00
2015.07.13 02:00:20.976,1.89909,1.89928,1.12,1.00
2015.07.13 02:00:21.181,1.89906,1.89928,1.00,1.00
2015.07.13 02:00:21.285,1.89906,1.89922,1.00,1.00
2015.07.13 02:00:21.899,1.89902,1.89922,1.00,1.00
2015.07.13 02:00:22.664,1.89902,1.89917,1.00,1.00
2015.07.13 02:00:23.173,1.89899,1.89917,1.00,1.00
2015.07.13 02:00:24.672,1.89899,1.89917,1.50,1.00
2015.07.13 02:00:24.774,1.89899,1.89924,2.62,1.00
2015.07.13 02:00:25.318,1.89899,1.89924,2.62,1.00
2015.07.13 02:00:25.370,1.89899,1.89924,3.00,1.00
2015.07.13 02:00:25.879,1.89903,1.89925,1.37,1.00
2015.07.13 02:00:27.984,1.89903,1.89925,1.00,1.50
2015.07.13 02:00:28.188,1.89896,1.89919,1.00,1.00
2015.07.13 02:00:29.080,1.89896,1.89919,1.00,1.37
2015.07.13 02:00:29.386,1.89896,1.89914,1.00,1.00
2015.07.13 02:00:29.589,1.89894,1.89914,1.00,1.00
2015.07.13 02:00:29.640,1.8989,1.89914,1.00,1.50
2015.07.13 02:00:29.692,1.89888,1.8991,1.00,1.00
2015.07.13 02:00:30.687,1.89888,1.89907,1.00,1.50
2015.07.13 02:00:30.941,1.89884,1.89907,1.00,1.50
2015.07.13 02:00:31.043,1.89884,1.89904,1.00,1.00
2015.07.13 02:00:31.222,1.89881,1.89904,1.00,1.00
2015.07.13 02:00:31.375,1.89881,1.89899,1.00,1.00
2015.07.13 02:00:31.426,1.89876,1.89897,1.12,1.00
2015.07.13 02:00:31.528,1.89874,1.89896,1.00,1.50
2015.07.13 02:00:31.579,1.8987,1.89896,1.00,1.50
2015.07.13 02:00:36.578,1.8987,1.89895,1.00,1.00
2015.07.13 02:00:36.680,1.89869,1.89892,1.50,1.00
2015.07.13 02:00:37.188,1.89869,1.89891,1.00,1.00
2015.07.13 02:00:37.791,1.89869,1.89893,1.50,1.00
2015.07.13 02:00:45.918,1.89873,1.89893,1.00,1.00
2015.07.13 02:00:46.020,1.89874,1.89899,1.50,1.00
2015.07.13 02:00:46.071,1.89876,1.89899,1.37,1.00
2015.07.13 02:00:46.377,1.89884,1.89904,1.50,1.00
2015.07.13 02:00:46.530,1.89884,1.89908,1.50,1.00
2015.07.13 02:00:46.735,1.89882,1.89907,1.50,1.50
2015.07.13 02:00:47.277,1.89881,1.89907,1.00,1.50
2015.07.13 02:00:48.027,1.89881,1.89903,1.00,1.50
2015.07.13 02:00:48.179,1.89879,1.89902,1.00,1.00
2015.07.13 02:00:48.231,1.89879,1.89899,1.00,1.00
2015.07.13 02:00:48.282,1.89876,1.89899,2.25,1.00
2015.07.13 02:00:48.333,1.89875,1.89894,1.00,1.00
2015.07.13 02:00:49.146,1.89875,1.89898,1.00,1.00
2015.07.13 02:00:49.198,1.89875,1.89896,1.00,1.00
2015.07.13 02:00:49.505,1.89875,1.89891,1.00,1.00
2015.07.13 02:00:49.608,1.89875,1.899,1.50,1.87
2015.07.13 02:00:50.117,1.89875,1.899,2.25,1.50
2015.07.13 02:00:50.320,1.89879,1.899,1.00,1.00
2015.07.13 02:00:50.474,1.89881,1.89903,1.00,1.00
2015.07.13 02:00:51.034,1.89884,1.89903,1.00,1.00
2015.07.13 02:00:51.136,1.89884,1.89907,1.00,1.00
2015.07.13 02:00:51.441,1.89886,1.89907,1.00,1.00
2015.07.13 02:00:51.788,1.8989,1.89911,1.00,1.00
2015.07.13 02:00:52.824,1.89891,1.89911,1.00,1.00
2015.07.13 02:00:53.099,1.89894,1.89916,1.50,1.00
2015.07.13 02:00:53.710,1.89897,1.89918,1.00,1.00
2015.07.13 02:00:54.016,1.89903,1.89924,1.50,1.00
2015.07.13 02:00:54.965,1.89908,1.89924,1.00,1.00
2015.07.13 02:00:55.577,1.89908,1.89929,1.00,1.00
2015.07.13 02:00:55.738,1.89913,1.89931,1.00,1.00
2015.07.13 02:00:55.841,1.89915,1.8994,1.00,2.62
2015.07.13 02:00:55.893,1.89915,1.8994,1.00,2.25
2015.07.13 02:00:56.150,1.8992,1.8994,1.00,1.00
2015.07.13 02:00:56.557,1.89913,1.89935,1.50,1.00
2015.07.13 02:00:57.351,1.89913,1.89934,1.00,1.00
2015.07.13 02:00:57.453,1.89913,1.8993,1.00,1.00
2015.07.13 02:00:57.504,1.89911,1.8993,2.25,1.00
2015.07.13 02:00:57.866,1.89909,1.89931,1.00,1.00
2015.07.13 02:00:58.356,1.89909,1.89929,1.00,1.00
2015.07.13 02:00:58.458,1.89909,1.89932,1.00,1.00
2015.07.13 02:01:01.468,1.8991,1.89934,1.00,1.87
2015.07.13 02:01:01.621,1.8991,1.89931,1.00,1.00
2015.07.13 02:01:01.773,1.8991,1.89934,1.00,1.00
2015.07.13 02:01:01.825,1.89913,1.89934,1.00,1.00
2015.07.13 02:01:01.926,1.89916,1.89938,1.00,1.50
2015.07.13 02:01:02.571,1.89913,1.89938,1.00,3.75
2015.07.13 02:01:02.622,1.89913,1.89936,1.00,1.50
2015.07.13 02:01:02.928,1.89905,1.89927,1.00,1.00
2015.07.13 02:01:03.183,1.89903,1.89926,1.00,2.25
2015.07.13 02:01:03.286,1.89902,1.89922,1.00,1.00
2015.07.13 02:01:03.591,1.89902,1.8992,1.00,1.50
2015.07.13 02:01:03.896,1.89897,1.8992,1.00,2.25
2015.07.13 02:01:06.204,1.89898,1.89923,1.00,2.25
2015.07.13 02:01:07.889,1.89902,1.89923,1.00,1.00
2015.07.13 02:01:08.507,1.89902,1.89926,1.00,1.00
2015.07.13 02:01:08.558,1.89906,1.89926,1.00,1.00
2015.07.13 02:01:09.778,1.899,1.89925,1.50,1.00
2015.07.13 02:01:10.978,1.899,1.89922,1.00,1.50
2015.07.13 02:01:13.171,1.89897,1.89921,1.00,1.00
2015.07.13 02:01:13.375,1.89895,1.8992,1.50,1.00
2015.07.13 02:01:17.490,1.89894,1.89917,1.00,1.50
2015.07.13 02:01:17.797,1.8989,1.89912,1.00,2.25
2015.07.13 02:01:17.849,1.89887,1.89912,1.00,2.25
2015.07.13 02:01:26.492,1.89887,1.8991,1.00,1.00
2015.07.13 02:01:26.746,1.89887,1.89912,1.00,2.25
2015.07.13 02:01:26.800,1.89887,1.89908,1.00,1.50
2015.07.13 02:01:27.358,1.89886,1.89908,1.00,1.50
2015.07.13 02:01:27.621,1.89887,1.8991,1.00,1.00
2015.07.13 02:01:28.130,1.89886,1.89909,1.00,1.00
2015.07.13 02:01:28.996,1.89886,1.89905,1.00,1.00
2015.07.13 02:01:29.280,1.89881,1.89904,1.37,1.00
2015.07.13 02:01:29.332,1.8988,1.89904,1.00,1.50
2015.07.13 02:01:29.383,1.89879,1.89901,1.00,1.00
2015.07.13 02:01:29.536,1.89874,1.89898,1.00,1.00
2015.07.13 02:01:29.739,1.89872,1.89893,1.00,1.00
2015.07.13 02:01:30.044,1.89868,1.89893,1.50,1.00
2015.07.13 02:01:30.298,1.89868,1.89891,1.50,1.00
2015.07.13 02:01:30.603,1.89865,1.89884,1.00,1.00
2015.07.13 02:01:31.550,1.89865,1.8989,1.00,1.00
2015.07.13 02:01:31.703,1.89869,1.89891,1.00,1.50
2015.07.13 02:01:32.007,1.89871,1.89891,1.50,1.00
2015.07.13 02:01:34.170,1.89871,1.89893,1.12,1.00
2015.07.13 02:01:34.678,1.89871,1.89893,1.37,1.00
2015.07.13 02:01:35.034,1.89869,1.89891,1.00,1.00
2015.07.13 02:01:35.934,1.8987,1.89893,1.00,1.00
2015.07.13 02:01:36.455,1.89871,1.89893,1.00,1.00
2015.07.13 02:01:36.971,1.8987,1.89893,1.00,1.00
2015.07.13 02:01:38.455,1.89875,1.89893,1.50,1.00
2015.07.13 02:01:38.861,1.8987,1.89893,1.00,1.50
2015.07.13 02:01:39.237,1.89869,1.89889,1.00,1.00
2015.07.13 02:01:39.818,1.89865,1.89885,1.00,1.50
2015.07.13 02:01:39.870,1.89861,1.89883,1.00,1.00
2015.07.13 02:01:39.921,1.89861,1.89879,1.00,1.00
2015.07.13 02:01:40.226,1.89861,1.89883,1.00,1.00
2015.07.13 02:01:40.617,1.89863,1.89883,1.00,1.00
2015.07.13 02:01:40.669,1.89864,1.89886,1.00,1.00
2015.07.13 02:01:49.363,1.89861,1.89886,1.00,1.50
2015.07.13 02:01:50.429,1.89863,1.89886,1.00,1.50
2015.07.13 02:01:50.765,1.89861,1.89886,1.00,1.50
2015.07.13 02:01:52.153,1.89862,1.89886,1.00,1.50
2015.07.13 02:01:52.670,1.89861,1.89886,1.50,1.50
2015.07.13 02:01:52.772,1.89864,1.89886,1.00,1.00
2015.07.13 02:01:52.873,1.89861,1.89885,1.00,1.00
2015.07.13 02:01:53.076,1.89861,1.89881,1.00,1.00
2015.07.13 02:01:53.229,1.89859,1.89881,1.00,1.00
2015.07.13 02:01:54.149,1.89861,1.89882,1.00,1.00
2015.07.13 02:01:54.690,1.89861,1.89883,1.50,1.00
2015.07.13 02:01:55.845,1.89861,1.8988,1.00,1.00
2015.07.13 02:01:55.896,1.89859,1.8988,1.00,1.00
2015.07.13 02:01:55.947,1.89854,1.89871,1.50,1.00
2015.07.13 02:01:56.145,1.89839,1.89857,1.00,1.00
2015.07.13 02:01:56.197,1.89836,1.89857,1.00,1.87
2015.07.13 02:01:56.248,1.89831,1.89851,1.00,1.00
2015.07.13 02:01:56.554,1.89825,1.8985,1.00,1.00
2015.07.13 02:01:56.664,1.89823,1.89845,1.50,1.00
2015.07.13 02:01:56.998,1.89825,1.89845,1.00,1.00
2015.07.13 02:01:57.355,1.89822,1.89845,1.00,1.00
2015.07.13 02:01:57.904,1.89821,1.89845,1.00,1.00
2015.07.13 02:01:58.361,1.89825,1.89846,1.00,1.00
2015.07.13 02:01:58.463,1.89825,1.8985,1.00,1.00
2015.07.13 02:01:58.565,1.89829,1.89851,1.00,1.00
2015.07.13 02:01:59.088,1.89829,1.89852,1.00,1.00
2015.07.13 02:01:59.393,1.89847,1.89871,1.37,1.00
2015.07.13 02:02:00.419,1.89847,1.89871,1.00,1.50
2015.07.13 02:02:00.724,1.89844,1.89864,1.12,1.00
2015.07.13 02:02:00.776,1.89844,1.89868,1.12,1.00
2015.07.13 02:02:00.878,1.89846,1.8987,1.00,1.00
2015.07.13 02:02:00.979,1.89846,1.89872,1.50,1.00
2015.07.13 02:02:01.690,1.89851,1.89873,1.00,1.00
2015.07.13 02:02:01.792,1.89851,1.89876,1.00,1.00
2015.07.13 02:02:03.580,1.8985,1.89872,1.00,1.00
2015.07.13 02:02:03.682,1.89847,1.89872,1.50,1.00
2015.07.13 02:02:03.784,1.89847,1.89867,1.50,1.00
2015.07.13 02:02:03.886,1.89845,1.89867,1.00,1.50
2015.07.13 02:02:03.988,1.89841,1.89867,1.00,2.25
2015.07.13 02:02:04.090,1.89841,1.89862,1.00,1.00
2015.07.13 02:02:04.221,1.89838,1.89862,1.37,1.00
2015.07.13 02:02:04.272,1.89848,1.89863,1.00,1.00
2015.07.13 02:02:04.323,1.89845,1.89863,1.00,1.00
2015.07.13 02:02:04.374,1.89845,1.89867,1.00,1.00
2015.07.13 02:02:04.426,1.89849,1.89867,1.00,1.00
2015.07.13 02:02:04.579,1.89854,1.89876,1.50,1.00
2015.07.13 02:02:04.681,1.89852,1.89874,1.00,1.00
2015.07.13 02:02:04.782,1.89848,1.89874,1.37,1.00
2015.07.13 02:02:05.737,1.89848,1.89874,1.00,1.00
2015.07.13 02:02:07.287,1.89852,1.89875,1.00,1.00
2015.07.13 02:02:07.390,1.89852,1.89877,1.00,1.00
2015.07.13 02:02:07.595,1.89856,1.89878,1.00,1.00
2015.07.13 02:02:07.697,1.89856,1.89881,1.00,1.00
2015.07.13 02:02:08.002,1.89855,1.89877,1.00,1.00
2015.07.13 02:02:08.309,1.89843,1.89861,1.00,1.00
2015.07.13 02:02:08.361,1.89843,1.89864,1.00,1.00
2015.07.13 02:02:08.446,1.89843,1.89856,1.00,1.50
2015.07.13 02:02:08.498,1.89835,1.89852,1.00,1.00
2015.07.13 02:02:08.600,1.89829,1.89843,1.00,1.00
2015.07.13 02:02:08.753,1.89823,1.89844,1.00,1.00
2015.07.13 02:02:08.906,1.89818,1.89843,1.00,1.00
2015.07.13 02:02:09.724,1.89817,1.89839,1.00,1.00
2015.07.13 02:02:09.778,1.89815,1.89839,1.00,1.00
2015.07.13 02:02:10.493,1.89819,1.8984,1.00,1.00
2015.07.13 02:02:10.595,1.89819,1.89844,1.00,1.50
2015.07.13 02:02:12.212,1.89819,1.89844,1.37,1.00
2015.07.13 02:02:12.516,1.89823,1.89846,1.00,1.00
2015.07.13 02:02:13.064,1.89823,1.89847,1.00,1.00
2015.07.13 02:02:16.304,1.89822,1.89845,1.00,1.00
2015.07.13 02:02:16.406,1.89819,1.89845,1.00,1.00
2015.07.13 02:02:16.921,1.89818,1.89844,1.00,1.00
2015.07.13 02:02:17.192,1.89822,1.89844,1.00,1.00
2015.07.13 02:02:17.243,1.89822,1.89846,1.00,1.00
2015.07.13 02:02:17.294,1.89822,1.89848,1.50,2.25
2015.07.13 02:02:17.497,1.89828,1.89848,1.00,1.00
2015.07.13 02:02:17.599,1.89828,1.89852,1.50,1.00
2015.07.13 02:02:17.650,1.89828,1.89855,1.50,2.25
2015.07.13 02:02:21.173,1.89828,1.89852,1.50,1.00
2015.07.13 02:02:21.488,1.89822,1.89847,1.37,1.00
2015.07.13 02:02:21.539,1.89822,1.89847,1.12,1.50
2015.07.13 02:02:21.641,1.89821,1.89843,1.87,1.00
2015.07.13 02:02:22.050,1.89819,1.89843,1.00,1.50
2015.07.13 02:02:23.042,1.89821,1.89843,1.00,1.50
2015.07.13 02:02:23.297,1.89826,1.89849,1.00,1.00
2015.07.13 02:02:23.451,1.89825,1.89841,1.00,1.00
2015.07.13 02:02:23.503,1.89817,1.89841,1.12,1.00
2015.07.13 02:02:23.759,1.89822,1.8984,1.00,1.00
2015.07.13 02:02:23.861,1.89815,1.89835,1.50,1.00
2015.07.13 02:02:23.945,1.89816,1.89837,1.00,1.00
2015.07.13 02:02:23.996,1.89816,1.8984,1.00,1.50
2015.07.13 02:02:24.048,1.89814,1.8984,1.00,1.50
2015.07.13 02:02:24.150,1.89813,1.89835,1.00,1.00
2015.07.13 02:02:24.201,1.8981,1.89835,1.00,1.00
2015.07.13 02:02:24.354,1.8981,1.89833,1.00,1.00
2015.07.13 02:02:24.506,1.89801,1.89826,1.00,1.00
2015.07.13 02:02:24.760,1.89803,1.89826,1.00,1.00
2015.07.13 02:02:25.065,1.89805,1.89828,1.00,1.00
2015.07.13 02:02:25.611,1.89808,1.89828,1.00,1.00
2015.07.13 02:02:25.663,1.89808,1.89832,1.00,1.00
2015.07.13 02:02:25.714,1.89814,1.89833,1.00,1.00
2015.07.13 02:02:25.817,1.89819,1.89841,1.00,1.50
2015.07.13 02:02:25.920,1.8982,1.89845,1.00,1.00
2015.07.13 02:02:26.023,1.89824,1.89847,1.00,1.50
2015.07.13 02:02:26.175,1.89824,1.89849,1.50,1.00
2015.07.13 02:02:28.735,1.89824,1.89846,1.00,1.00
2015.07.13 02:02:28.838,1.89821,1.89846,1.00,1.50
2015.07.13 02:02:28.940,1.89819,1.89842,1.12,1.00
2015.07.13 02:02:29.196,1.89812,1.89837,1.50,1.00
2015.07.13 02:02:29.451,1.89812,1.89834,1.00,1.00
2015.07.13 02:02:31.164,1.89809,1.89834,1.00,1.50
2015.07.13 02:02:31.723,1.89808,1.89829,1.00,1.00
2015.07.13 02:02:31.825,1.89805,1.89829,1.00,1.00
2015.07.13 02:02:35.653,1.89808,1.89831,1.00,1.00
2015.07.13 02:02:35.755,1.89808,1.89834,1.50,1.00
2015.07.13 02:02:36.314,1.89809,1.89834,1.00,1.00
2015.07.13 02:02:36.669,1.89811,1.89839,1.00,1.00
2015.07.13 02:02:36.891,1.89813,1.89839,1.00,1.00
2015.07.13 02:02:37.044,1.89813,1.89842,1.87,1.50
2015.07.13 02:02:37.959,1.89813,1.89842,2.25,1.50
2015.07.13 02:02:38.598,1.89813,1.89842,2.25,1.50
2015.07.13 02:02:39.116,1.89813,1.89841,1.12,1.00
2015.07.13 02:02:39.333,1.89811,1.89837,1.75,1.00
2015.07.13 02:02:39.640,1.89801,1.89824,1.00,1.00
2015.07.13 02:02:39.691,1.89799,1.89824,1.00,1.00
2015.07.13 02:02:39.794,1.898,1.89826,1.00,1.00
2015.07.13 02:02:39.845,1.89803,1.89832,1.50,1.87
2015.07.13 02:02:39.947,1.89803,1.89826,1.00,1.00
2015.07.13 02:02:39.998,1.89798,1.89826,1.00,1.00
2015.07.13 02:02:40.049,1.89796,1.89825,1.50,1.00
2015.07.13 02:02:40.202,1.89796,1.89822,1.00,1.00
2015.07.13 02:02:40.912,1.89796,1.89825,1.00,1.50
2015.07.13 02:02:41.014,1.89798,1.89825,1.37,1.00
2015.07.13 02:02:41.115,1.89798,1.89829,1.87,1.00
2015.07.13 02:02:41.218,1.89802,1.89831,1.00,1.87
2015.07.13 02:02:41.882,1.89802,1.89831,1.87,1.00
2015.07.13 02:02:42.422,1.89803,1.89831,1.00,1.00
2015.07.13 02:02:45.934,1.89806,1.89831,1.00,1.00
2015.07.13 02:02:45.986,1.89806,1.89833,1.00,1.00
2015.07.13 02:02:46.087,1.89808,1.89836,1.37,1.00
2015.07.13 02:02:46.189,1.89808,1.89837,1.12,1.12
2015.07.13 02:02:46.240,1.89811,1.89837,1.00,1.12
2015.07.13 02:02:46.342,1.89808,1.89837,1.87,1.00
2015.07.13 02:02:46.394,1.89811,1.89837,1.00,1.00
2015.07.13 02:02:46.499,1.89812,1.89842,1.00,1.50
2015.07.13 02:02:47.011,1.89813,1.89842,1.50,1.50
2015.07.13 02:02:47.113,1.89815,1.89842,1.00,1.50
2015.07.13 02:02:47.500,1.89814,1.8984,1.00,1.00
2015.07.13 02:02:47.551,1.89811,1.8984,1.87,1.50
2015.07.13 02:02:47.602,1.89811,1.89838,1.00,1.50
2015.07.13 02:02:47.705,1.89808,1.89836,2.25,1.50
2015.07.13 02:02:47.909,1.89808,1.89828,1.00,1.00
2015.07.13 02:02:48.114,1.89792,1.89821,1.00,1.50
2015.07.13 02:02:48.267,1.89792,1.89811,1.50,1.00
2015.07.13 02:02:48.319,1.89788,1.89811,1.50,1.00
2015.07.13 02:02:48.371,1.89785,1.89811,1.00,1.00
2015.07.13 02:02:48.524,1.89783,1.89811,1.00,1.00
2015.07.13 02:02:48.596,1.89781,1.89811,2.25,1.00
2015.07.13 02:02:48.699,1.89781,1.89809,1.00,1.00
2015.07.13 02:02:49.566,1.89781,1.89811,1.00,1.00
2015.07.13 02:02:49.769,1.89784,1.89812,1.00,1.00
2015.07.13 02:02:49.871,1.89781,1.89812,1.00,1.00
2015.07.13 02:02:50.534,1.89782,1.89812,1.00,1.00
2015.07.13 02:02:50.788,1.89784,1.89812,1.00,1.00
2015.07.13 02:02:51.044,1.89785,1.89814,1.50,1.12
2015.07.13 02:02:51.399,1.89787,1.89814,1.50,1.12
2015.07.13 02:02:51.639,1.89792,1.89823,1.00,1.10
2015.07.13 02:02:51.741,1.89796,1.89823,1.00,1.00
2015.07.13 02:02:52.046,1.89801,1.89824,1.00,1.00
2015.07.13 02:02:52.097,1.898,1.89828,1.00,1.00
2015.07.13 02:02:52.148,1.89801,1.8983,1.00,1.00
2015.07.13 02:02:52.300,1.89803,1.8983,1.50,1.00
2015.07.13 02:02:52.453,1.89805,1.89834,1.00,1.12
2015.07.13 02:02:53.314,1.89805,1.89834,1.37,1.12
2015.07.13 02:02:53.618,1.89805,1.89834,1.00,1.12
2015.07.13 02:02:57.214,1.89803,1.89832,1.50,1.00
2015.07.13 02:02:57.732,1.89804,1.89831,1.00,1.00
2015.07.13 02:02:58.263,1.89805,1.8983,1.00,1.00
2015.07.13 02:03:03.190,1.89805,1.89829,1.00,1.00
2015.07.13 02:03:03.749,1.89805,1.8983,1.00,1.00
2015.07.13 02:03:04.055,1.89805,1.89827,1.00,1.00
2015.07.13 02:03:04.565,1.89805,1.89826,1.00,1.00
2015.07.13 02:03:05.364,1.89805,1.89827,1.00,1.00
2015.07.13 02:03:05.891,1.89805,1.89826,1.00,1.00
2015.07.13 02:03:06.681,1.89805,1.89827,1.00,1.00
2015.07.13 02:03:07.258,1.89805,1.89826,1.00,1.00
2015.07.13 02:03:07.767,1.89805,1.89827,1.00,1.00
2015.07.13 02:03:08.333,1.89805,1.89823,1.00,1.00
2015.07.13 02:03:09.449,1.89805,1.89827,1.00,1.00
2015.07.13 02:03:09.957,1.89805,1.89828,1.00,1.00
2015.07.13 02:03:10.502,1.89805,1.89827,1.00,1.00
2015.07.13 02:03:10.877,1.89805,1.8983,1.00,1.50
2015.07.13 02:03:10.979,1.89805,1.89828,1.00,1.00
2015.07.13 02:03:11.233,1.89806,1.8983,1.00,1.00
2015.07.13 02:03:11.550,1.89806,1.8983,1.87,1.00
2015.07.13 02:03:11.754,1.89808,1.89832,1.37,1.00
2015.07.13 02:03:12.570,1.89808,1.89832,1.12,1.00
2015.07.13 02:03:20.245,1.89808,1.89831,1.00,1.00
2015.07.13 02:03:21.099,1.89808,1.89832,1.00,1.50
2015.07.13 02:03:22.228,1.89808,1.89831,1.00,1.00
2015.07.13 02:03:23.559,1.89808,1.89827,1.00,1.00
2015.07.13 02:03:23.881,1.89808,1.89825,1.00,1.00
2015.07.13 02:03:24.763,1.89808,1.89827,1.00,1.00
2015.07.13 02:03:24.900,1.89808,1.89829,1.00,1.00
2015.07.13 02:03:25.515,1.89808,1.89828,1.00,1.00
2015.07.13 02:03:26.022,1.89808,1.89827,1.00,1.00
2015.07.13 02:03:26.277,1.89808,1.8983,1.00,1.00
2015.07.13 02:03:26.380,1.89808,1.89832,1.00,1.87
2015.07.13 02:03:28.165,1.89808,1.89831,1.00,1.00
2015.07.13 02:03:29.462,1.89808,1.89832,1.00,1.50
2015.07.13 02:03:34.683,1.89808,1.89832,1.00,1.87
2015.07.13 02:03:35.697,1.89808,1.89832,1.00,1.37
2015.07.13 02:03:38.512,1.89808,1.89827,1.00,1.00
2015.07.13 02:03:38.816,1.89804,1.89827,1.00,1.00
2015.07.13 02:03:39.055,1.89804,1.8983,1.00,1.37
2015.07.13 02:03:40.110,1.89804,1.8983,1.00,1.00
2015.07.13 02:03:40.612,1.89804,1.8983,1.00,1.37
2015.07.13 02:03:41.131,1.89804,1.8983,1.00,1.00
2015.07.13 02:03:43.338,1.89804,1.89831,1.00,1.50
2015.07.13 02:03:43.642,1.89806,1.89831,1.00,1.00
2015.07.13 02:03:44.977,1.89807,1.89831,1.00,1.00
2015.07.13 02:03:45.952,1.89805,1.89831,1.00,1.00
2015.07.13 02:03:47.306,1.89805,1.89831,1.50,1.00
2015.07.13 02:03:48.277,1.8981,1.89831,1.00,1.00
2015.07.13 02:03:48.634,1.8981,1.89832,1.37,1.00
2015.07.13 02:03:48.989,1.89813,1.89836,1.00,1.00
2015.07.13 02:03:49.317,1.8981,1.89836,1.87,1.00
2015.07.13 02:03:49.723,1.89818,1.89836,1.37,1.00
2015.07.13 02:03:49.825,1.89818,1.89841,1.37,1.00
2015.07.13 02:03:50.079,1.89818,1.89844,1.87,1.00
2015.07.13 02:03:50.586,1.89818,1.89844,1.00,1.00
2015.07.13 02:03:52.560,1.89818,1.89841,1.00,1.00
2015.07.13 02:03:52.881,1.89818,1.89839,1.00,1.00
2015.07.13 02:03:53.392,1.89818,1.89838,1.00,1.00
2015.07.13 02:03:53.444,1.89816,1.89838,1.00,1.00
2015.07.13 02:03:53.950,1.89816,1.89839,1.00,1.00
2015.07.13 02:03:54.001,1.89816,1.89841,1.00,1.00
2015.07.13 02:03:59.059,1.89818,1.89843,1.37,1.00
2015.07.13 02:03:59.364,1.89818,1.89845,1.87,1.00
2015.07.13 02:03:59.872,1.89818,1.89845,2.25,1.00
2015.07.13 02:04:00.787,1.89822,1.89845,1.37,1.00
2015.07.13 02:04:00.838,1.89823,1.89847,1.50,1.00
2015.07.13 02:04:00.890,1.89823,1.89847,1.50,1.00
2015.07.13 02:04:06.327,1.89823,1.89845,1.00,1.00
2015.07.13 02:04:06.674,1.89823,1.89847,1.50,1.00
2015.07.13 02:04:07.526,1.89823,1.89847,1.12,1.00
2015.07.13 02:04:09.604,1.89824,1.89847,1.37,1.00
2015.07.13 02:04:09.706,1.89824,1.89847,1.00,1.00
2015.07.13 02:04:10.227,1.89823,1.89847,1.12,1.00
2015.07.13 02:04:10.742,1.89824,1.89847,1.00,1.00
2015.07.13 02:04:11.048,1.89826,1.89847,1.00,1.00
2015.07.13 02:04:11.353,1.89828,1.89847,1.00,1.00
2015.07.13 02:04:11.886,1.89827,1.89847,1.12,1.00
2015.07.13 02:04:12.384,1.89827,1.8985,1.50,1.00
2015.07.13 02:04:13.703,1.89829,1.8985,1.00,1.00
2015.07.13 02:04:17.505,1.89826,1.8985,1.75,1.00
2015.07.13 02:04:18.131,1.89828,1.89852,3.00,1.00
2015.07.13 02:04:18.485,1.89828,1.89852,2.25,1.00
2015.07.13 02:04:19.509,1.89828,1.89852,3.00,1.00
2015.07.13 02:04:19.867,1.89829,1.89852,2.25,1.00
2015.07.13 02:04:20.070,1.89834,1.89857,1.37,1.00
2015.07.13 02:04:20.274,1.89836,1.89857,1.75,1.00
2015.07.13 02:04:20.477,1.89836,1.8986,1.37,1.00
2015.07.13 02:04:21.591,1.89838,1.89864,1.12,1.00
2015.07.13 02:04:22.433,1.8984,1.89864,1.50,1.00
2015.07.13 02:04:22.738,1.89844,1.89869,3.00,1.00
2015.07.13 02:04:23.043,1.89854,1.89877,1.37,1.00
2015.07.13 02:04:23.094,1.89856,1.8988,1.37,1.50
2015.07.13 02:04:23.398,1.89858,1.89883,3.00,1.00
2015.07.13 02:04:23.602,1.8986,1.89883,1.00,1.00
2015.07.13 02:04:23.906,1.89864,1.89883,1.00,1.00
2015.07.13 02:04:24.162,1.89864,1.89885,1.00,1.00
2015.07.13 02:04:24.678,1.89861,1.89885,1.37,1.00
2015.07.13 02:04:25.132,1.89861,1.89884,1.00,1.00
2015.07.13 02:04:25.984,1.89861,1.89882,1.00,1.37
2015.07.13 02:04:26.035,1.89856,1.8988,1.37,1.37
2015.07.13 02:04:26.086,1.89856,1.8988,1.00,1.75
2015.07.13 02:04:26.189,1.89854,1.89875,1.00,1.00
2015.07.13 02:04:26.240,1.89854,1.89879,1.00,1.00
2015.07.13 02:04:28.570,1.89859,1.89879,1.00,1.00
2015.07.13 02:04:28.621,1.89859,1.89881,1.37,1.00
2015.07.13 02:04:28.673,1.89865,1.89881,1.00,1.00
2015.07.13 02:04:28.775,1.89865,1.89889,1.00,1.87
2015.07.13 02:04:28.826,1.89869,1.89889,1.00,1.50
2015.07.13 02:04:29.135,1.89865,1.89889,1.00,1.00
2015.07.13 02:04:29.340,1.89862,1.89886,1.75,1.00
2015.07.13 02:04:29.543,1.89862,1.89886,1.00,1.00
2015.07.13 02:04:29.594,1.8986,1.89886,1.00,1.00
2015.07.13 02:04:30.000,1.8986,1.89888,1.00,1.00
2015.07.13 02:04:30.102,1.8986,1.89886,1.00,1.00
2015.07.13 02:04:30.204,1.89861,1.89889,1.00,1.00
2015.07.13 02:04:30.255,1.89865,1.89889,1.37,1.00
2015.07.13 02:04:30.306,1.89865,1.89893,1.37,1.50
2015.07.13 02:04:30.459,1.89868,1.89893,1.00,1.00
2015.07.13 02:04:31.563,1.89864,1.89893,1.50,1.50
2015.07.13 02:04:31.614,1.89864,1.89889,1.50,1.00
2015.07.13 02:04:31.767,1.8986,1.89886,1.00,1.00
2015.07.13 02:04:31.869,1.8986,1.89883,1.00,1.00
2015.07.13 02:04:32.021,1.89857,1.89883,1.00,1.00
2015.07.13 02:04:32.562,1.89856,1.89882,1.37,1.00
2015.07.13 02:04:32.613,1.89855,1.89881,1.00,1.00
2015.07.13 02:04:32.665,1.89852,1.89881,1.50,1.50
2015.07.13 02:04:33.179,1.89852,1.8988,1.00,1.00
2015.07.13 02:04:33.382,1.8985,1.89879,1.12,1.00
2015.07.13 02:04:37.713,1.8985,1.89879,1.37,1.50
2015.07.13 02:04:38.113,1.89854,1.89879,1.00,1.00
2015.07.13 02:04:38.414,1.89851,1.89879,1.87,1.00
2015.07.13 02:04:38.917,1.89851,1.89878,1.00,1.00
2015.07.13 02:04:39.121,1.89851,1.8988,1.00,2.25
2015.07.13 02:04:39.848,1.89851,1.89879,1.00,1.00
2015.07.13 02:04:40.221,1.89851,1.89877,1.00,1.00
2015.07.13 02:04:40.425,1.89848,1.89877,1.12,1.50
2015.07.13 02:04:40.476,1.89846,1.89875,1.37,1.00
2015.07.13 02:04:40.730,1.89843,1.89872,2.62,1.00
2015.07.13 02:04:41.739,1.89843,1.89872,1.87,1.50
2015.07.13 02:04:42.731,1.89843,1.89872,2.62,1.00
2015.07.13 02:04:44.709,1.89846,1.8987,1.00,1.00
2015.07.13 02:04:49.714,1.89846,1.8987,1.37,1.50
2015.07.13 02:04:50.581,1.89846,1.8987,1.75,1.00
2015.07.13 02:04:52.759,1.89846,1.8987,1.75,1.00
2015.07.13 02:04:56.187,1.89846,1.8987,1.37,1.00
2015.07.13 02:04:56.697,1.89846,1.8987,1.75,1.50
2015.07.13 02:04:57.205,1.89848,1.8987,1.37,1.00
2015.07.13 02:04:58.293,1.89851,1.8987,1.87,1.00
2015.07.13 02:04:58.699,1.89851,1.89874,1.87,1.00
2015.07.13 02:04:58.801,1.89852,1.89877,1.37,1.00
2015.07.13 02:04:59.448,1.89852,1.89875,1.37,1.00
2015.07.13 02:04:59.898,1.89852,1.89877,1.37,1.00
2015.07.13 02:05:00.507,1.89855,1.89877,1.50,1.00
2015.07.13 02:05:01.740,1.89855,1.89877,1.87,1.50
2015.07.13 02:05:01.944,1.89855,1.89877,1.87,1.50
2015.07.13 02:05:02.046,1.89855,1.89877,3.00,1.00
2015.07.13 02:05:02.204,1.89855,1.89881,3.00,1.00
2015.07.13 02:05:02.256,1.89855,1.89881,2.62,1.00
2015.07.13 02:05:02.358,1.89855,1.8988,3.00,1.00
2015.07.13 02:05:03.152,1.89855,1.8988,2.62,1.00
2015.07.13 02:05:03.305,1.89855,1.89878,2.62,1.00
2015.07.13 02:05:03.815,1.89855,1.89877,2.62,1.00
2015.07.13 02:05:05.071,1.89855,1.89877,1.50,1.00
2015.07.13 02:05:05.274,1.89855,1.89874,1.50,1.00
2015.07.13 02:05:05.427,1.89853,1.89873,1.00,1.00
2015.07.13 02:05:05.783,1.89849,1.89873,1.50,1.50
2015.07.13 02:05:06.191,1.89849,1.89871,1.50,1.00
2015.07.13 02:05:06.523,1.89848,1.89867,1.00,1.00
2015.07.13 02:05:07.177,1.89848,1.89865,1.00,1.00
2015.07.13 02:05:07.228,1.89844,1.89865,1.50,1.00
2015.07.13 02:05:07.381,1.89844,1.89862,1.00,1.00
2015.07.13 02:05:07.432,1.89842,1.89862,1.00,1.00
2015.07.13 02:05:07.585,1.8984,1.89862,1.12,1.00
2015.07.13 02:05:08.048,1.8984,1.89864,1.12,1.00
2015.07.13 02:05:08.567,1.8984,1.89863,1.12,1.00
2015.07.13 02:05:09.133,1.8984,1.89861,1.00,1.00
2015.07.13 02:05:09.563,1.8984,1.89864,1.00,1.50
2015.07.13 02:05:10.625,1.8984,1.89864,1.37,1.50
2015.07.13 02:05:10.930,1.89844,1.89864,1.00,1.00
2015.07.13 02:05:16.285,1.89844,1.89861,1.00,1.00
2015.07.13 02:05:16.336,1.8984,1.89861,1.00,1.00
2015.07.13 02:05:16.843,1.8984,1.89862,1.00,1.00
2015.07.13 02:05:17.380,1.8984,1.89859,1.00,1.00
2015.07.13 02:05:18.698,1.8984,1.8986,1.00,1.00
2015.07.13 02:05:19.054,1.8984,1.89862,1.00,1.00
2015.07.13 02:05:19.351,1.8984,1.89858,1.00,1.00
2015.07.13 02:05:20.117,1.8984,1.89859,1.00,1.00
2015.07.13 02:05:22.776,1.8984,1.89858,1.00,1.00
2015.07.13 02:05:24.428,1.8984,1.89861,1.00,1.37
2015.07.13 02:05:24.934,1.8984,1.89859,1.00,1.00
2015.07.13 02:05:25.732,1.8984,1.89859,1.00,1.87
2015.07.13 02:05:26.548,1.89837,1.89859,1.00,1.87
2015.07.13 02:05:27.055,1.89837,1.89858,1.00,1.37
2015.07.13 02:05:27.156,1.89837,1.89859,1.00,1.50
2015.07.13 02:05:28.642,1.89837,1.89859,1.37,1.00
2015.07.13 02:05:28.845,1.89838,1.89861,1.00,1.00
2015.07.13 02:05:29.395,1.89838,1.89862,1.00,1.50
2015.07.13 02:05:29.446,1.89838,1.89862,1.37,1.50
2015.07.13 02:05:29.752,1.89838,1.89862,1.50,1.50
2015.07.13 02:05:30.270,1.89841,1.89865,1.37,1.00
2015.07.13 02:05:30.322,1.89843,1.89865,1.50,1.00
2015.07.13 02:05:30.474,1.89849,1.8987,1.00,1.37
2015.07.13 02:05:30.576,1.89849,1.8987,1.00,1.00
2015.07.13 02:05:30.897,1.89849,1.89868,1.00,1.00
2015.07.13 02:05:31.414,1.89849,1.89869,1.00,1.00
2015.07.13 02:05:31.922,1.89849,1.8987,1.00,1.00
2015.07.13 02:05:32.264,1.89849,1.89867,1.00,1.00
2015.07.13 02:05:32.366,1.89845,1.89866,1.50,1.00
2015.07.13 02:05:33.226,1.89845,1.89864,1.00,1.00
2015.07.13 02:05:34.210,1.89845,1.89866,1.00,1.00
2015.07.13 02:05:35.217,1.89845,1.89868,1.00,1.87
2015.07.13 02:05:35.572,1.89847,1.89868,1.00,1.37
2015.07.13 02:05:36.116,1.89847,1.89868,1.00,1.00
2015.07.13 02:05:36.621,1.89847,1.89869,1.00,1.00
2015.07.13 02:05:37.454,1.89847,1.8987,1.37,1.50
2015.07.13 02:05:37.763,1.89847,1.89865,1.00,1.00
2015.07.13 02:05:37.867,1.89844,1.89865,1.00,1.50
2015.07.13 02:05:37.922,1.89841,1.89865,1.37,1.50
2015.07.13 02:05:37.973,1.89841,1.89859,1.00,1.00
2015.07.13 02:05:38.486,1.89841,1.89861,1.00,1.00
2015.07.13 02:05:38.817,1.89841,1.89863,1.00,1.00
2015.07.13 02:05:39.325,1.89843,1.89863,1.00,1.00
2015.07.13 02:05:39.579,1.89843,1.89867,1.00,2.25
2015.07.13 02:05:40.096,1.89842,1.89867,1.00,1.50
2015.07.13 02:05:41.807,1.89842,1.89865,1.00,1.00
2015.07.13 02:05:42.352,1.89842,1.89866,1.00,1.00
2015.07.13 02:05:45.594,1.89842,1.89866,1.00,1.37
2015.07.13 02:05:48.173,1.89842,1.89866,1.00,1.00
2015.07.13 02:05:48.681,1.89843,1.89867,1.00,1.50
2015.07.13 02:05:49.376,1.89842,1.89866,1.00,1.00
2015.07.13 02:05:49.883,1.89842,1.89867,1.00,1.87
2015.07.13 02:05:51.500,1.89842,1.89864,1.00,1.00
2015.07.13 02:05:52.695,1.89842,1.89863,1.00,1.00
2015.07.13 02:05:53.023,1.89842,1.89861,1.00,1.00
2015.07.13 02:05:53.445,1.89842,1.89863,1.00,1.00
2015.07.13 02:05:53.956,1.89841,1.89863,1.00,1.00
2015.07.13 02:05:54.808,1.89841,1.89864,1.00,1.00
2015.07.13 02:05:55.346,1.89841,1.89865,1.00,1.50
2015.07.13 02:05:56.223,1.89841,1.89864,1.00,1.00
2015.07.13 02:05:56.730,1.89842,1.89865,1.50,1.00
2015.07.13 02:05:57.723,1.89843,1.89865,1.12,1.00
2015.07.13 02:05:57.775,1.89845,1.89865,1.00,1.00
2015.07.13 02:05:57.842,1.89845,1.89867,1.00,1.00
2015.07.13 02:05:59.711,1.89845,1.89868,1.00,1.00
2015.07.13 02:05:59.812,1.89847,1.89868,1.00,1.00
2015.07.13 02:06:00.319,1.89847,1.89869,1.00,1.00
2015.07.13 02:06:00.948,1.89847,1.89867,1.87,1.00
2015.07.13 02:06:01.050,1.89847,1.89867,1.87,1.00
2015.07.13 02:06:03.211,1.89847,1.89867,1.50,1.00
2015.07.13 02:06:03.771,1.89847,1.89866,1.00,1.00
2015.07.13 02:06:04.076,1.89841,1.8986,1.00,1.00
2015.07.13 02:06:04.178,1.89838,1.89858,1.00,1.00
2015.07.13 02:06:04.280,1.89838,1.89855,1.00,1.00
2015.07.13 02:06:04.621,1.89838,1.89858,1.00,1.00
2015.07.13 02:06:05.688,1.89838,1.89861,1.00,2.25
2015.07.13 02:06:11.540,1.89838,1.89861,1.00,1.87
2015.07.13 02:06:12.595,1.89838,1.89859,1.00,1.00
2015.07.13 02:06:17.972,1.89838,1.89861,1.00,2.62
2015.07.13 02:06:18.436,1.89838,1.89859,1.00,1.00
2015.07.13 02:06:18.741,1.89842,1.89859,1.00,1.00
2015.07.13 02:06:18.874,1.89842,1.89861,1.50,1.00
2015.07.13 02:06:19.027,1.89843,1.89863,1.12,1.00
2015.07.13 02:06:19.991,1.89843,1.89861,1.00,1.00
2015.07.13 02:06:20.092,1.89843,1.89863,1.00,1.00
2015.07.13 02:06:20.601,1.89843,1.89862,1.00,1.00
2015.07.13 02:06:23.835,1.89843,1.89861,1.00,1.00
2015.07.13 02:06:24.049,1.89843,1.89863,1.00,1.50
2015.07.13 02:06:24.253,1.89845,1.89863,1.00,1.00
2015.07.13 02:06:26.230,1.89848,1.89863,1.50,1.00
2015.07.13 02:06:26.588,1.89848,1.89868,2.25,1.00
2015.07.13 02:06:27.983,1.89849,1.89868,1.00,1.00
2015.07.13 02:06:28.084,1.89849,1.8987,1.00,1.00
2015.07.13 02:06:28.388,1.8985,1.89873,1.50,1.50
2015.07.13 02:06:28.779,1.8985,1.89873,2.25,1.50
2015.07.13 02:06:28.881,1.8985,1.89873,2.25,1.50
2015.07.13 02:06:30.129,1.89853,1.89873,1.00,1.50
2015.07.13 02:06:34.317,1.8985,1.89873,1.87,1.50
2015.07.13 02:06:37.484,1.8985,1.89873,1.12,1.87
2015.07.13 02:06:37.893,1.8985,1.8987,1.00,1.00
2015.07.13 02:06:38.400,1.8985,1.89869,1.00,1.12
2015.07.13 02:06:42.560,1.8985,1.8987,1.00,1.50
2015.07.13 02:06:42.866,1.8985,1.89864,1.00,1.00
2015.07.13 02:06:48.473,1.8985,1.89863,1.00,1.00
2015.07.13 02:06:50.690,1.8985,1.89862,1.00,1.00
2015.07.13 02:06:59.997,1.8985,1.89861,1.00,1.00
2015.07.13 02:07:00.527,1.8985,1.89862,1.00,1.00
2015.07.13 02:07:00.579,1.8985,1.89864,1.00,1.00
2015.07.13 02:07:01.090,1.8985,1.89865,1.00,1.00
2015.07.13 02:07:06.933,1.8985,1.89866,1.00,1.00
2015.07.13 02:07:07.703,1.8985,1.89865,1.00,1.00
2015.07.13 02:07:08.261,1.8985,1.89863,1.00,1.00
2015.07.13 02:07:15.831,1.8985,1.89862,1.00,1.00
2015.07.13 02:07:16.160,1.8985,1.89864,1.00,1.00
2015.07.13 02:07:23.319,1.8985,1.89866,1.00,1.00
2015.07.13 02:07:28.396,1.89844,1.89866,1.87,1.00
2015.07.13 02:07:29.398,1.89844,1.89866,1.87,1.00
2015.07.13 02:07:38.375,1.89844,1.89866,1.87,1.00
2015.07.13 02:07:38.922,1.89845,1.89867,1.37,1.00
2015.07.13 02:07:40.516,1.89845,1.89867,1.87,1.00
2015.07.13 02:07:40.719,1.89846,1.89868,1.37,1.00
2015.07.13 02:07:41.024,1.89849,1.89871,1.37,1.50
2015.07.13 02:07:41.075,1.89852,1.89871,1.00,1.50
2015.07.13 02:07:41.379,1.89853,1.89875,1.37,1.00
2015.07.13 02:07:42.998,1.89853,1.89875,1.75,1.00
2015.07.13 02:07:43.201,1.89853,1.89875,2.25,1.50
2015.07.13 02:07:43.733,1.89853,1.89875,2.25,1.00
2015.07.13 02:07:44.980,1.89853,1.89874,2.25,1.00
2015.07.13 02:07:45.493,1.89855,1.89875,1.00,1.00
2015.07.13 02:07:46.314,1.89854,1.89875,1.00,1.00
2015.07.13 02:07:51.034,1.89853,1.89873,1.00,1.00
2015.07.13 02:07:51.237,1.89851,1.89872,1.00,1.50
2015.07.13 02:07:51.288,1.89851,1.89868,1.00,1.00
2015.07.13 02:07:51.795,1.89851,1.89867,1.00,1.00
2015.07.13 02:07:52.251,1.89851,1.89869,1.00,1.50
2015.07.13 02:07:53.485,1.89851,1.89868,1.00,1.00
2015.07.13 02:07:55.617,1.89849,1.89868,1.00,1.00
2015.07.13 02:07:57.649,1.89849,1.89869,1.00,2.25
2015.07.13 02:08:08.775,1.89849,1.89868,1.00,1.00
2015.07.13 02:08:09.440,1.89849,1.89866,1.00,1.00
2015.07.13 02:08:10.725,1.89849,1.89864,1.00,1.00
2015.07.13 02:08:12.597,1.89849,1.89866,1.00,1.00
2015.07.13 02:08:13.966,1.89849,1.89864,1.00,1.00
2015.07.13 02:08:14.283,1.89846,1.89861,1.00,1.00
2015.07.13 02:08:15.907,1.89846,1.89859,1.00,1.00
2015.07.13 02:08:19.980,1.89846,1.8986,1.00,1.00
2015.07.13 02:08:23.933,1.89846,1.89861,1.00,1.00
2015.07.13 02:08:24.920,1.89846,1.89867,1.00,1.00
2015.07.13 02:08:25.360,1.89846,1.89867,1.87,1.00
2015.07.13 02:08:25.462,1.89846,1.89867,1.87,1.00
2015.07.13 02:08:25.564,1.89846,1.89867,1.87,1.00
2015.07.13 02:08:26.656,1.89848,1.89867,1.50,1.00
2015.07.13 02:08:27.205,1.89848,1.89867,1.12,1.00
2015.07.13 02:08:35.730,1.89846,1.89867,1.87,1.00
2015.07.13 02:08:36.409,1.89846,1.89867,1.87,1.00
2015.07.13 02:08:38.426,1.89846,1.89867,1.87,1.00
2015.07.13 02:08:39.428,1.89846,1.89867,1.87,1.00
2015.07.13 02:08:45.461,1.89846,1.89867,2.62,1.00
2015.07.13 02:08:46.432,1.89846,1.89867,2.62,1.00
2015.07.13 02:08:47.470,1.89846,1.89867,2.62,1.00
2015.07.13 02:08:50.435,1.89846,1.89867,2.62,1.00
2015.07.13 02:08:50.784,1.8985,1.89869,1.50,1.00
2015.07.13 02:08:51.038,1.89855,1.89877,1.00,3.00
2015.07.13 02:08:51.544,1.89854,1.89877,2.25,1.00
2015.07.13 02:08:54.188,1.89854,1.89877,2.62,1.00
2015.07.13 02:08:56.160,1.89854,1.89876,2.62,1.12
2015.07.13 02:08:56.363,1.89854,1.89876,1.00,2.62
2015.07.13 02:08:56.667,1.89854,1.89871,1.00,1.00
2015.07.13 02:08:57.214,1.89854,1.89871,1.00,1.37
2015.07.13 02:08:57.721,1.89853,1.89871,1.00,1.37
2015.07.13 02:09:03.130,1.89853,1.89871,1.00,1.37
2015.07.13 02:09:10.595,1.89853,1.89873,1.00,1.50
2015.07.13 02:09:13.892,1.89853,1.89873,1.00,1.37
2015.07.13 02:09:16.242,1.89853,1.89873,1.00,1.50
2015.07.13 02:09:19.420,1.89856,1.89873,1.00,1.50
2015.07.13 02:09:19.472,1.89858,1.89876,1.00,1.00
2015.07.13 02:09:19.523,1.8986,1.89876,1.00,1.00
2015.07.13 02:09:19.625,1.89862,1.89879,1.00,1.00
2015.07.13 02:09:24.992,1.89862,1.89882,1.00,1.00
2015.07.13 02:09:25.834,1.89862,1.89882,1.37,1.00
2015.07.13 02:09:27.481,1.89874,1.89882,1.00,1.00
2015.07.13 02:09:27.571,1.89874,1.89885,1.00,1.50
2015.07.13 02:09:27.622,1.89874,1.89888,1.00,1.00
2015.07.13 02:09:27.825,1.89874,1.89892,1.00,1.50
2015.07.13 02:09:27.878,1.89874,1.89892,1.37,1.00
2015.07.13 02:09:28.132,1.89874,1.89894,1.37,1.00
2015.07.13 02:09:28.284,1.89874,1.89894,1.37,1.00
2015.07.13 02:09:28.487,1.89874,1.89896,1.37,1.00
2015.07.13 02:09:29.696,1.89871,1.89895,2.25,1.00
2015.07.13 02:09:30.248,1.89871,1.89895,2.25,1.00
2015.07.13 02:09:31.250,1.89871,1.89895,1.87,1.00
2015.07.13 02:09:38.284,1.89871,1.89895,2.25,1.50
2015.07.13 02:09:38.814,1.89871,1.89894,1.37,1.00
2015.07.13 02:09:39.301,1.89871,1.89894,1.00,1.00
2015.07.13 02:09:41.295,1.89871,1.89894,1.37,1.00
2015.07.13 02:09:43.246,1.89871,1.89895,1.37,1.50
2015.07.13 02:09:46.827,1.89871,1.89895,1.37,1.37
2015.07.13 02:09:47.349,1.89871,1.89895,1.00,1.37
2015.07.13 02:09:53.435,1.89871,1.89895,1.00,1.37
2015.07.13 02:10:01.346,1.89871,1.89894,1.00,1.00
2015.07.13 02:10:04.207,1.89871,1.89893,1.00,1.00
2015.07.13 02:10:04.789,1.89868,1.89892,1.50,1.00
2015.07.13 02:10:06.094,1.89868,1.89892,2.62,1.00
2015.07.13 02:10:06.605,1.89868,1.89892,3.00,1.00
2015.07.13 02:10:07.932,1.89868,1.89892,3.00,1.00
2015.07.13 02:10:08.954,1.89868,1.89892,3.00,1.00
2015.07.13 02:10:10.001,1.8987,1.89892,1.12,1.00
2015.07.13 02:10:10.356,1.89875,1.89894,1.00,1.00
2015.07.13 02:10:10.543,1.89876,1.89898,1.00,1.50
2015.07.13 02:10:11.255,1.89876,1.89898,1.50,1.50
2015.07.13 02:10:13.260,1.89876,1.89898,1.00,1.50
2015.07.13 02:10:13.367,1.89876,1.89896,1.00,1.00
2015.07.13 02:10:20.985,1.89876,1.89897,1.00,1.00
2015.07.13 02:10:21.512,1.89877,1.89898,1.50,1.00
2015.07.13 02:10:23.294,1.89876,1.89898,1.00,2.25
2015.07.13 02:10:23.599,1.89876,1.89894,1.00,1.00
2015.07.13 02:10:24.059,1.89876,1.89896,1.00,1.00
2015.07.13 02:10:25.275,1.89876,1.89895,1.00,1.00
2015.07.13 02:10:26.144,1.89876,1.89897,1.00,1.12
2015.07.13 02:10:31.221,1.89876,1.89897,1.00,1.37
2015.07.13 02:10:32.222,1.89876,1.89897,1.00,1.00
2015.07.13 02:10:32.526,1.89876,1.89895,1.00,1.00
2015.07.13 02:10:34.958,1.89876,1.89896,1.00,1.00
2015.07.13 02:10:36.160,1.89876,1.89893,1.00,1.00
2015.07.13 02:10:49.708,1.89876,1.89894,1.00,1.00
2015.07.13 02:10:51.324,1.89876,1.89895,1.00,1.00
2015.07.13 02:10:55.308,1.89876,1.89896,2.25,1.00
2015.07.13 02:10:55.815,1.89876,1.89895,1.00,1.00
2015.07.13 02:10:57.035,1.89876,1.89894,1.00,1.00
2015.07.13 02:10:57.517,1.89876,1.89891,1.00,1.00
2015.07.13 02:10:57.619,1.89874,1.89891,1.00,1.00
2015.07.13 02:11:00.817,1.89874,1.89892,1.00,1.00
2015.07.13 02:11:01.356,1.89874,1.89893,1.00,1.00
2015.07.13 02:11:04.527,1.89874,1.89892,1.00,1.00
2015.07.13 02:11:04.629,1.89874,1.8989,1.00,1.00
2015.07.13 02:11:04.937,1.89872,1.8989,1.00,1.00
2015.07.13 02:11:06.630,1.89872,1.89892,1.00,1.50
2015.07.13 02:11:16.328,1.89872,1.89891,1.00,1.00
2015.07.13 02:11:20.402,1.89872,1.8989,1.00,1.00
2015.07.13 02:11:22.461,1.89872,1.89891,1.00,1.12
2015.07.13 02:11:43.666,1.89877,1.89891,1.37,1.00
2015.07.13 02:11:43.819,1.89877,1.89895,1.87,1.00
2015.07.13 02:11:43.921,1.89877,1.89898,1.87,1.00
2015.07.13 02:11:43.972,1.8988,1.89898,1.00,1.00
2015.07.13 02:11:44.278,1.89876,1.89894,1.37,1.00
2015.07.13 02:11:44.633,1.89876,1.89894,1.00,1.00
2015.07.13 02:11:45.483,1.89876,1.89891,1.00,1.00
2015.07.13 02:11:46.795,1.89876,1.8989,1.00,1.00
2015.07.13 02:11:54.899,1.89876,1.89891,1.00,1.00
2015.07.13 02:11:54.950,1.89873,1.89891,1.00,1.00
2015.07.13 02:11:56.331,1.89873,1.89893,1.00,1.00
2015.07.13 02:11:56.517,1.89877,1.89894,1.00,1.00
2015.07.13 02:11:57.028,1.89877,1.89895,1.00,1.00
2015.07.13 02:11:58.089,1.89877,1.89897,1.50,1.50
2015.07.13 02:11:59.121,1.89877,1.89896,1.50,1.00
2015.07.13 02:12:10.991,1.89877,1.89894,1.00,1.00
2015.07.13 02:12:14.543,1.89878,1.89894,1.00,1.50
2015.07.13 02:12:14.848,1.89884,1.89902,1.00,1.00
2015.07.13 02:12:15.254,1.89884,1.89898,1.00,1.00
2015.07.13 02:12:16.576,1.89884,1.89899,1.00,1.00
2015.07.13 02:12:16.677,1.89878,1.89896,1.00,1.00
2015.07.13 02:12:16.829,1.89878,1.89894,1.00,1.00
2015.07.13 02:12:16.931,1.89874,1.89891,1.00,1.50
2015.07.13 02:12:17.438,1.89874,1.8989,1.00,1.00
2015.07.13 02:12:17.976,1.89874,1.89891,1.00,1.50
2015.07.13 02:12:18.691,1.89874,1.8989,1.00,1.00
2015.07.13 02:12:19.097,1.89874,1.89886,1.00,1.00
2015.07.13 02:12:19.874,1.89871,1.89886,1.00,1.50
2015.07.13 02:12:20.515,1.89871,1.89882,1.00,1.00
2015.07.13 02:12:20.617,1.89866,1.89882,1.00,1.50
2015.07.13 02:12:21.931,1.89865,1.89882,1.00,1.50
2015.07.13 02:12:22.929,1.89865,1.89877,1.00,1.00
2015.07.13 02:12:22.980,1.8986,1.89877,1.00,1.00
2015.07.13 02:12:23.031,1.89858,1.89877,1.00,1.00
2015.07.13 02:12:23.083,1.89858,1.89875,1.00,1.00
2015.07.13 02:12:23.387,1.89853,1.8987,1.37,1.00
2015.07.13 02:12:23.590,1.89853,1.8987,1.00,1.00
2015.07.13 02:12:23.743,1.89853,1.89866,1.00,1.00
2015.07.13 02:12:23.794,1.8985,1.89866,1.00,1.00
2015.07.13 02:12:23.946,1.89845,1.89865,1.50,1.00
2015.07.13 02:12:24.149,1.89843,1.89863,1.12,1.00
2015.07.13 02:12:24.592,1.89842,1.89863,1.37,1.50
2015.07.13 02:12:25.131,1.89842,1.89863,1.00,1.50
2015.07.13 02:12:25.953,1.89842,1.89861,1.00,1.00
2015.07.13 02:12:26.257,1.89842,1.89859,1.00,1.00
2015.07.13 02:12:26.359,1.8984,1.89859,1.00,1.00
2015.07.13 02:12:26.479,1.8984,1.89862,1.00,1.00
2015.07.13 02:12:26.988,1.8984,1.89863,1.00,2.25
2015.07.13 02:12:27.531,1.8984,1.89862,1.00,1.00
2015.07.13 02:12:27.582,1.8984,1.8986,1.00,1.00
2015.07.13 02:12:32.324,1.8984,1.89858,1.00,1.00
2015.07.13 02:12:32.965,1.8984,1.89857,1.00,1.00
2015.07.13 02:12:33.016,1.89837,1.89857,1.00,1.00
2015.07.13 02:12:33.118,1.89838,1.8986,1.00,1.00
2015.07.13 02:12:33.680,1.89838,1.89861,1.00,1.00
2015.07.13 02:12:35.954,1.89838,1.8986,1.00,1.00
2015.07.13 02:12:36.555,1.89838,1.89854,1.00,1.00
2015.07.13 02:12:36.606,1.89836,1.89854,1.00,1.00
2015.07.13 02:12:36.657,1.89832,1.89844,1.00,1.00
2015.07.13 02:12:36.759,1.89827,1.89844,1.00,1.00
2015.07.13 02:12:36.810,1.89824,1.89844,1.00,1.50
2015.07.13 02:12:40.778,1.89824,1.89843,1.00,1.00
2015.07.13 02:12:41.032,1.89823,1.89846,1.87,1.50
2015.07.13 02:12:41.285,1.89823,1.89846,1.87,1.50
2015.07.13 02:12:41.798,1.89827,1.89849,1.00,1.00
2015.07.13 02:12:42.755,1.89827,1.89849,1.37,1.00
2015.07.13 02:12:44.760,1.89827,1.89849,1.00,1.00
2015.07.13 02:12:47.868,1.89825,1.89845,1.50,1.00
2015.07.13 02:12:48.123,1.89821,1.89845,1.00,3.37
2015.07.13 02:12:48.174,1.89821,1.89839,1.00,1.00
2015.07.13 02:12:49.881,1.8982,1.89839,1.50,1.00
2015.07.13 02:12:49.932,1.8982,1.89841,1.50,1.00
2015.07.13 02:12:50.186,1.89821,1.89845,1.00,1.00
2015.07.13 02:12:50.441,1.89825,1.89846,1.00,1.50
2015.07.13 02:12:51.279,1.89825,1.89845,1.50,1.00
2015.07.13 02:12:51.381,1.89815,1.89837,1.37,1.00
2015.07.13 02:12:52.030,1.89816,1.89839,1.00,1.00
2015.07.13 02:12:54.118,1.89816,1.89838,1.00,1.00
2015.07.13 02:12:54.980,1.89816,1.89836,1.00,1.00
2015.07.13 02:12:56.541,1.89816,1.89838,1.00,1.00
2015.07.13 02:12:58.490,1.89816,1.89838,1.37,1.00
2015.07.13 02:12:59.150,1.89818,1.89838,1.00,1.00
2015.07.13 02:12:59.252,1.89818,1.89841,2.62,1.50
2015.07.13 02:12:59.405,1.89823,1.89845,1.00,1.50
2015.07.13 02:12:59.456,1.89827,1.89845,1.00,1.50
2015.07.13 02:12:59.558,1.89827,1.89847,1.00,1.00
2015.07.13 02:13:06.433,1.89827,1.89848,1.00,1.50
2015.07.13 02:13:07.500,1.89824,1.89846,1.00,1.00
2015.07.13 02:13:07.686,1.89824,1.89842,1.00,1.00
2015.07.13 02:13:07.738,1.89824,1.89846,1.12,1.00
2015.07.13 02:13:07.942,1.89824,1.89848,1.12,2.25
2015.07.13 02:13:08.298,1.89828,1.89848,1.50,1.00
2015.07.13 02:13:08.501,1.89828,1.8985,1.50,1.00
2015.07.13 02:13:09.166,1.89828,1.89849,1.50,1.00
2015.07.13 02:13:09.851,1.89828,1.89847,1.50,1.00
2015.07.13 02:13:17.798,1.89829,1.89847,1.00,1.00
2015.07.13 02:13:19.417,1.89829,1.89849,1.00,1.00
2015.07.13 02:13:26.233,1.89829,1.89848,1.00,1.00
2015.07.13 02:13:29.393,1.89829,1.8985,1.00,1.00
2015.07.13 02:13:30.161,1.89829,1.89848,1.00,1.00
2015.07.13 02:13:35.017,1.89829,1.89849,1.00,1.00
2015.07.13 02:13:35.321,1.89835,1.89852,1.00,1.00
2015.07.13 02:13:35.652,1.89842,1.89855,1.12,1.00
2015.07.13 02:13:35.703,1.89846,1.89861,1.50,1.00
2015.07.13 02:13:35.805,1.89848,1.89861,1.00,1.00
2015.07.13 02:13:35.907,1.89848,1.89865,1.00,1.00
2015.07.13 02:13:36.008,1.89851,1.89867,1.00,1.00
2015.07.13 02:13:36.110,1.89851,1.89869,1.00,1.00
2015.07.13 02:13:38.303,1.89855,1.89871,1.00,1.00
2015.07.13 02:13:39.537,1.89855,1.89869,1.00,1.00
2015.07.13 02:13:42.042,1.89855,1.89871,1.00,1.00
2015.07.13 02:13:42.586,1.89855,1.89869,1.00,1.00
2015.07.13 02:13:42.739,1.89855,1.89871,1.00,1.00
2015.07.13 02:13:43.043,1.89855,1.89873,1.00,1.00
2015.07.13 02:13:45.111,1.89855,1.89872,1.00,1.00
2015.07.13 02:13:46.123,1.89855,1.89874,1.00,1.00
2015.07.13 02:13:46.580,1.89855,1.89871,1.00,1.00
2015.07.13 02:13:47.761,1.89855,1.89872,1.00,1.00
2015.07.13 02:13:48.305,1.89855,1.89871,1.50,1.00
2015.07.13 02:13:49.299,1.89855,1.89873,1.50,1.00
2015.07.13 02:13:50.694,1.89855,1.89872,1.50,1.00
2015.07.13 02:13:52.604,1.89855,1.89871,1.50,1.00
2015.07.13 02:13:53.140,1.89855,1.89872,1.50,1.00
2015.07.13 02:13:54.602,1.89855,1.89871,1.00,1.00
2015.07.13 02:13:55.014,1.89855,1.89875,1.00,1.00
2015.07.13 02:13:55.607,1.89855,1.89876,1.00,1.00
2015.07.13 02:13:55.759,1.89856,1.89878,1.00,1.00
2015.07.13 02:13:56.485,1.89856,1.89877,1.00,1.00
2015.07.13 02:13:58.042,1.89855,1.89877,1.00,1.00
2015.07.13 02:13:58.690,1.89855,1.89876,1.00,1.00
2015.07.13 02:14:02.499,1.89855,1.89879,1.00,3.00
2015.07.13 02:14:05.823,1.89855,1.89878,1.12,1.00
2015.07.13 02:14:10.063,1.89855,1.89878,2.62,1.00
2015.07.13 02:14:10.870,1.89855,1.89876,2.62,1.00
2015.07.13 02:14:15.292,1.89855,1.89879,2.62,1.50
2015.07.13 02:14:15.598,1.89857,1.89879,1.37,1.00
2015.07.13 02:14:15.853,1.89863,1.89886,1.87,1.00
2015.07.13 02:14:15.955,1.89867,1.89886,1.50,1.00
2015.07.13 02:14:16.057,1.89867,1.89888,1.50,1.00
2015.07.13 02:14:16.565,1.89867,1.89889,1.50,1.00
2015.07.13 02:14:16.717,1.89867,1.89885,1.50,1.00
2015.07.13 02:14:16.976,1.89864,1.89883,1.00,1.00
2015.07.13 02:14:17.129,1.89864,1.8988,1.00,1.00
2015.07.13 02:14:17.383,1.89861,1.8988,1.00,1.00
2015.07.13 02:14:17.687,1.89861,1.89878,1.00,1.00
2015.07.13 02:14:21.218,1.89861,1.89879,1.00,1.00
2015.07.13 02:14:22.326,1.89861,1.89881,1.00,1.00
2015.07.13 02:14:23.210,1.89861,1.89884,1.50,1.00
2015.07.13 02:14:23.312,1.89865,1.89884,1.50,1.00
2015.07.13 02:14:23.414,1.89865,1.89888,1.50,1.50
2015.07.13 02:14:23.870,1.89869,1.8989,1.00,1.00
2015.07.13 02:14:23.987,1.89869,1.89892,2.25,1.00
2015.07.13 02:14:24.090,1.89874,1.89892,1.50,1.00
2015.07.13 02:14:24.497,1.89875,1.89894,1.00,1.00
2015.07.13 02:14:24.650,1.89875,1.89896,1.00,1.00
2015.07.13 02:14:25.056,1.89875,1.89892,1.00,1.00
2015.07.13 02:14:25.564,1.89873,1.89892,1.37,1.00
2015.07.13 02:14:26.072,1.89873,1.89892,1.12,1.00
2015.07.13 02:14:32.422,1.89873,1.89894,1.12,1.00
2015.07.13 02:14:32.756,1.89874,1.89894,1.37,1.00
2015.07.13 02:14:33.303,1.89875,1.89892,1.12,1.00
2015.07.13 02:14:34.312,1.89873,1.89892,1.00,1.12
2015.07.13 02:14:34.413,1.8987,1.8989,1.87,1.00
2015.07.13 02:14:34.717,1.8987,1.89887,1.00,1.37
2015.07.13 02:14:34.931,1.89867,1.89887,1.12,1.37
2015.07.13 02:14:37.701,1.89867,1.89884,1.00,1.00
2015.07.13 02:14:37.803,1.89867,1.89887,1.00,1.37
2015.07.13 02:14:38.388,1.89867,1.89885,1.00,1.00
2015.07.13 02:14:38.439,1.89865,1.89885,2.25,1.00
2015.07.13 02:14:38.693,1.89865,1.89883,2.25,1.00
2015.07.13 02:14:39.234,1.89865,1.89884,2.25,1.00
2015.07.13 02:14:41.376,1.89865,1.89883,1.00,1.37
2015.07.13 02:14:41.428,1.8986,1.89883,1.00,1.37
2015.07.13 02:14:41.582,1.8986,1.89878,1.00,1.00
2015.07.13 02:14:51.582,1.8986,1.89877,1.00,1.00
2015.07.13 02:14:51.684,1.8986,1.89883,1.12,1.00
2015.07.13 02:14:52.021,1.89864,1.89883,1.00,1.00
2015.07.13 02:14:52.123,1.89864,1.89885,1.00,1.87
2015.07.13 02:14:52.335,1.89864,1.89883,1.00,1.00
2015.07.13 02:14:52.639,1.8986,1.89879,1.00,1.12
2015.07.13 02:14:52.944,1.8986,1.89876,1.00,1.00
2015.07.13 02:14:53.439,1.8986,1.8988,1.00,1.00
2015.07.13 02:14:53.491,1.8986,1.8988,1.00,1.37
2015.07.13 02:14:53.846,1.89862,1.89877,1.00,1.00
2015.07.13 02:14:54.000,1.89864,1.89883,1.12,1.00
2015.07.13 02:14:54.153,1.89865,1.89889,1.37,1.00
2015.07.13 02:14:54.257,1.89869,1.8989,1.50,1.00
2015.07.13 02:14:54.733,1.89869,1.89893,1.87,1.00
2015.07.13 02:14:55.397,1.89872,1.89893,1.00,1.00
2015.07.13 02:14:55.549,1.89869,1.89893,1.87,1.00
2015.07.13 02:14:55.866,1.89873,1.89893,1.00,1.00
2015.07.13 02:14:56.195,1.89869,1.89887,1.50,1.00
2015.07.13 02:14:56.956,1.89869,1.89891,1.50,1.00
2015.07.13 02:14:57.516,1.89869,1.89894,1.50,1.12
2015.07.13 02:14:58.056,1.89869,1.89894,1.87,1.37
2015.07.13 02:14:59.171,1.89869,1.89894,1.87,1.37
2015.07.13 02:14:59.951,1.89869,1.89892,1.87,1.00
2015.07.13 02:15:00.205,1.89869,1.89892,1.87,1.12
2015.07.13 02:15:03.027,1.89869,1.89888,2.25,1.00
2015.07.13 02:15:03.331,1.89869,1.89888,1.87,1.00
2015.07.13 02:15:04.216,1.89869,1.89888,1.87,1.00
2015.07.13 02:15:04.734,1.89869,1.89887,1.87,1.00
2015.07.13 02:15:09.328,1.89869,1.89888,1.50,1.00
2015.07.13 02:15:11.718,1.89869,1.89886,1.50,1.00
2015.07.13 02:15:16.848,1.89869,1.89886,2.25,1.00
2015.07.13 02:15:17.001,1.89873,1.89893,1.00,1.00
2015.07.13 02:15:17.514,1.89872,1.89893,1.50,1.00
2015.07.13 02:15:18.310,1.89873,1.89893,1.00,1.12
2015.07.13 02:15:18.361,1.89873,1.8989,1.00,1.00
2015.07.13 02:15:18.889,1.89872,1.8989,1.50,1.00
2015.07.13 02:15:20.986,1.89872,1.89887,1.50,1.00
2015.07.13 02:15:21.088,1.89872,1.89889,1.50,1.00
2015.07.13 02:15:21.191,1.89872,1.89885,1.50,1.00
2015.07.13 02:15:22.957,1.89872,1.89889,1.00,1.00
2015.07.13 02:15:23.059,1.89873,1.89891,1.00,1.00
2015.07.13 02:15:23.161,1.89873,1.89893,1.50,1.00
2015.07.13 02:15:23.313,1.89872,1.8989,1.00,1.00
2015.07.13 02:15:23.821,1.89873,1.89893,1.00,1.37
2015.07.13 02:15:24.139,1.89872,1.89891,2.25,1.37
2015.07.13 02:15:24.547,1.89868,1.89888,1.00,1.50
2015.07.13 02:15:24.700,1.89873,1.89888,1.00,1.87
2015.07.13 02:15:24.802,1.89868,1.89888,1.00,1.87
2015.07.13 02:15:24.853,1.89868,1.89886,1.00,1.37
2015.07.13 02:15:24.904,1.89864,1.89886,1.00,1.50
2015.07.13 02:15:24.956,1.89863,1.89877,1.00,1.00
2015.07.13 02:15:25.007,1.8986,1.89877,1.00,1.00
2015.07.13 02:15:25.516,1.89859,1.89878,1.00,1.00
2015.07.13 02:15:25.668,1.89859,1.89878,1.00,1.37
2015.07.13 02:15:26.982,1.89859,1.8988,1.00,1.50
2015.07.13 02:15:27.187,1.89859,1.89881,1.00,1.00
2015.07.13 02:15:27.238,1.89862,1.89883,1.00,1.37
2015.07.13 02:15:27.492,1.89862,1.89884,1.00,1.00
2015.07.13 02:15:28.016,1.89863,1.89885,1.00,1.00
2015.07.13 02:15:28.476,1.89862,1.89881,1.00,1.00
2015.07.13 02:15:28.781,1.89861,1.89878,1.00,1.00
2015.07.13 02:15:29.360,1.89861,1.89881,1.00,1.37
2015.07.13 02:15:30.125,1.89861,1.89879,1.00,1.00
2015.07.13 02:15:30.278,1.89861,1.89883,1.00,1.37
2015.07.13 02:15:30.430,1.89861,1.89885,1.00,1.50
2015.07.13 02:15:30.785,1.89861,1.8988,1.00,1.50
2015.07.13 02:15:30.836,1.89858,1.8988,1.00,1.50
2015.07.13 02:15:30.965,1.89858,1.89877,1.00,1.00
2015.07.13 02:15:31.633,1.89856,1.89877,1.00,1.00
2015.07.13 02:15:31.887,1.89856,1.89875,1.00,1.00
2015.07.13 02:15:32.191,1.89855,1.89869,1.00,1.00
2015.07.13 02:15:32.293,1.89853,1.89868,1.00,1.12
2015.07.13 02:15:32.499,1.89857,1.89876,1.00,1.37
2015.07.13 02:15:32.601,1.89857,1.89876,1.00,1.00
2015.07.13 02:15:32.755,1.89858,1.8988,1.00,1.00
2015.07.13 02:15:32.806,1.8986,1.8988,1.00,1.00
2015.07.13 02:15:33.113,1.89863,1.8988,1.00,1.00
2015.07.13 02:15:33.165,1.8986,1.8988,1.00,1.50
2015.07.13 02:15:33.216,1.89857,1.8988,1.00,2.62
2015.07.13 02:15:33.623,1.89856,1.89874,1.00,1.00
2015.07.13 02:15:33.827,1.89847,1.89866,1.00,1.00
2015.07.13 02:15:33.929,1.89847,1.89868,2.25,1.00
2015.07.13 02:15:34.336,1.89852,1.89869,1.00,1.00
2015.07.13 02:15:35.584,1.89853,1.89869,1.00,1.50
2015.07.13 02:15:35.995,1.89857,1.89869,1.00,1.50
2015.07.13 02:15:36.607,1.89852,1.89869,1.00,1.87
2015.07.13 02:15:37.452,1.89849,1.8987,1.50,1.37
2015.07.13 02:15:37.959,1.89849,1.8987,1.50,1.00
2015.07.13 02:15:39.441,1.89852,1.89871,1.00,1.12
2015.07.13 02:15:39.658,1.89849,1.89872,1.50,1.87
2015.07.13 02:15:40.724,1.89853,1.89872,1.00,1.87
2015.07.13 02:15:41.332,1.89853,1.89871,1.00,1.37
2015.07.13 02:15:42.313,1.89853,1.89871,1.00,1.37
2015.07.13 02:15:44.024,1.89853,1.89872,1.00,1.00
2015.07.13 02:15:44.430,1.89854,1.89872,1.00,1.37
2015.07.13 02:15:44.586,1.89862,1.89883,1.00,1.37
2015.07.13 02:15:44.638,1.89862,1.89883,1.00,1.00
2015.07.13 02:15:45.182,1.89861,1.89883,1.00,1.00
2015.07.13 02:15:45.740,1.89861,1.89883,1.00,1.37
2015.07.13 02:15:46.745,1.89861,1.89883,1.00,1.37
2015.07.13 02:15:47.243,1.89861,1.89883,1.00,1.00
2015.07.13 02:15:48.956,1.89861,1.89885,1.00,1.37
2015.07.13 02:15:52.808,1.89868,1.89885,1.00,1.37
2015.07.13 02:15:52.978,1.89868,1.89891,1.00,2.25
2015.07.13 02:15:53.488,1.89869,1.89891,1.50,1.00
2015.07.13 02:15:54.043,1.89869,1.89892,1.50,1.00
2015.07.13 02:15:54.449,1.89871,1.89895,1.00,1.37
2015.07.13 02:15:55.362,1.89871,1.89895,1.00,1.12
2015.07.13 02:15:56.864,1.89873,1.89895,1.00,1.12
2015.07.13 02:15:57.174,1.89878,1.89897,1.00,1.12
2015.07.13 02:15:57.277,1.89878,1.899,1.00,1.00
2015.07.13 02:15:57.403,1.89882,1.89901,1.00,1.12
2015.07.13 02:15:57.506,1.89883,1.89903,1.00,1.00
2015.07.13 02:15:57.557,1.89886,1.89908,1.00,1.00
2015.07.13 02:15:57.864,1.89888,1.8991,1.00,1.00
2015.07.13 02:15:58.170,1.8989,1.89913,2.25,1.00
2015.07.13 02:15:58.221,1.89894,1.89915,1.00,1.50
2015.07.13 02:15:58.324,1.89895,1.89917,1.00,1.00
2015.07.13 02:15:58.375,1.89895,1.89919,1.00,1.50
2015.07.13 02:15:58.505,1.89895,1.89917,1.00,1.00
2015.07.13 02:15:59.014,1.89895,1.89915,1.00,1.00
2015.07.13 02:15:59.420,1.89895,1.89912,1.00,1.00
2015.07.13 02:15:59.724,1.89895,1.8991,1.00,1.50
2015.07.13 02:15:59.775,1.89888,1.8991,1.00,1.50
2015.07.13 02:15:59.827,1.89888,1.89908,1.00,1.00
2015.07.13 02:16:00.234,1.89888,1.89906,1.00,1.00
2015.07.13 02:16:00.901,1.89885,1.89903,1.00,1.00
2015.07.13 02:16:01.421,1.89885,1.89902,1.00,1.00
2015.07.13 02:16:01.838,1.89885,1.89904,1.00,1.00
2015.07.13 02:16:02.144,1.89885,1.89902,1.00,1.00
2015.07.13 02:16:02.347,1.89885,1.89906,1.00,1.50
2015.07.13 02:16:02.550,1.89885,1.89909,1.50,1.00
2015.07.13 02:16:02.753,1.89889,1.89909,1.00,1.00
2015.07.13 02:16:02.906,1.89889,1.89912,1.00,1.00
2015.07.13 02:16:02.957,1.89893,1.89912,1.00,1.00
2015.07.13 02:16:03.008,1.89893,1.89915,1.00,1.00
2015.07.13 02:16:03.110,1.89894,1.89918,1.00,1.50
2015.07.13 02:16:03.364,1.89898,1.89921,1.00,1.00
2015.07.13 02:16:04.086,1.89898,1.89919,1.00,1.00
2015.07.13 02:16:04.441,1.89899,1.89922,1.00,1.00
2015.07.13 02:16:04.492,1.89899,1.89922,1.37,1.00
2015.07.13 02:16:04.645,1.89904,1.89927,1.00,1.00
2015.07.13 02:16:04.903,1.89905,1.89929,1.00,2.25
2015.07.13 02:16:05.004,1.89907,1.89928,1.00,1.00
2015.07.13 02:16:05.114,1.89908,1.89931,1.00,1.12
2015.07.13 02:16:05.977,1.89908,1.8993,1.00,1.00
2015.07.13 02:16:06.434,1.89907,1.89926,1.50,1.00
2015.07.13 02:16:06.610,1.89902,1.89923,1.00,1.50
2015.07.13 02:16:06.712,1.89898,1.89918,1.50,1.00
2015.07.13 02:16:06.763,1.89895,1.89917,1.00,1.00
2015.07.13 02:16:06.814,1.89893,1.89917,1.00,1.00
2015.07.13 02:16:06.866,1.89892,1.89914,1.50,1.00
2015.07.13 02:16:07.173,1.89892,1.89911,1.00,1.50
2015.07.13 02:16:07.224,1.89886,1.89909,1.00,1.00
2015.07.13 02:16:07.275,1.89882,1.89907,1.50,1.50
2015.07.13 02:16:07.428,1.89882,1.89905,1.00,1.00
2015.07.13 02:16:07.929,1.89883,1.89905,1.00,1.00
2015.07.13 02:16:10.358,1.89883,1.89904,1.00,1.00
2015.07.13 02:16:10.662,1.89883,1.89901,1.00,1.00
2015.07.13 02:16:13.453,1.89879,1.89901,1.00,1.00
2015.07.13 02:16:13.504,1.89879,1.89901,1.00,1.37
2015.07.13 02:16:14.010,1.89879,1.89897,1.00,1.00
2015.07.13 02:16:14.668,1.89879,1.89898,1.00,1.87
2015.07.13 02:16:14.998,1.89877,1.89893,1.00,1.00
2015.07.13 02:16:16.654,1.8988,1.89893,1.00,1.00
2015.07.13 02:16:16.858,1.89888,1.89907,1.00,1.37
2015.07.13 02:16:16.911,1.89892,1.89907,1.00,1.00
2015.07.13 02:16:17.217,1.89916,1.89925,1.00,2.25
2015.07.13 02:16:17.268,1.8992,1.89927,1.00,1.00
2015.07.13 02:16:17.319,1.89921,1.89934,1.00,1.00
2015.07.13 02:16:17.480,1.89921,1.89938,1.00,1.00
2015.07.13 02:16:17.616,1.89921,1.8994,1.00,2.25
2015.07.13 02:16:17.668,1.89924,1.8994,1.00,1.00
2015.07.13 02:16:17.719,1.89924,1.89942,1.00,1.00
2015.07.13 02:16:17.770,1.89926,1.89942,1.00,1.00
2015.07.13 02:16:17.872,1.89926,1.89946,1.00,1.00
2015.07.13 02:16:17.923,1.89929,1.89946,1.00,1.00
2015.07.13 02:16:17.974,1.89929,1.89949,1.00,1.50
2015.07.13 02:16:18.076,1.89932,1.89949,1.00,1.00
2015.07.13 02:16:18.281,1.89932,1.89952,1.00,1.00
2015.07.13 02:16:18.383,1.89932,1.89949,1.00,1.00
2015.07.13 02:16:18.486,1.89934,1.89953,1.00,1.00
2015.07.13 02:16:18.639,1.8994,1.89954,1.00,1.00
2015.07.13 02:16:18.791,1.89946,1.89962,1.00,1.00
2015.07.13 02:16:18.970,1.89948,1.89965,1.00,1.00
2015.07.13 02:16:19.022,1.89951,1.89965,1.00,1.00
2015.07.13 02:16:19.074,1.89951,1.8997,1.00,1.50
2015.07.13 02:16:19.329,1.89954,1.8997,1.00,1.00
2015.07.13 02:16:19.380,1.89954,1.89974,1.00,1.00
2015.07.13 02:16:19.583,1.89954,1.89976,1.00,1.00
2015.07.13 02:16:19.786,1.8995,1.89976,1.37,1.00
2015.07.13 02:16:20.141,1.89949,1.89979,1.75,1.00
2015.07.13 02:16:20.343,1.89949,1.89979,1.50,1.00
2015.07.13 02:16:20.394,1.89952,1.89977,1.00,1.00
2015.07.13 02:16:20.513,1.89952,1.8998,1.37,1.00
2015.07.13 02:16:20.767,1.8995,1.89979,1.37,1.37
2015.07.13 02:16:21.072,1.8995,1.89975,1.37,1.00
2015.07.13 02:16:21.377,1.8994,1.89966,1.00,1.00
2015.07.13 02:16:21.429,1.89938,1.89966,1.12,1.00
2015.07.13 02:16:21.683,1.89937,1.89964,1.37,1.00
2015.07.13 02:16:21.786,1.89933,1.89961,1.00,1.00
2015.07.13 02:16:22.446,1.89927,1.89956,3.37,1.00
2015.07.13 02:16:22.801,1.89928,1.89953,1.37,1.00
2015.07.13 02:16:22.903,1.89923,1.89948,1.12,1.00
2015.07.13 02:16:23.208,1.89918,1.89947,1.00,1.50
2015.07.13 02:16:23.259,1.89914,1.89945,1.00,1.00
2015.07.13 02:16:23.362,1.89913,1.8994,1.87,1.00
2015.07.13 02:16:23.892,1.89909,1.89939,1.37,1.00
2015.07.13 02:16:24.854,1.89909,1.8994,1.37,1.00
2015.07.13 02:16:25.362,1.89909,1.8994,1.37,1.50
2015.07.13 02:16:26.062,1.89909,1.89939,1.87,1.00
2015.07.13 02:16:26.113,1.89909,1.89939,1.87,1.00
2015.07.13 02:16:26.164,1.89912,1.89941,1.12,1.50
2015.07.13 02:16:26.216,1.89912,1.89939,1.12,1.00
2015.07.13 02:16:26.318,1.89912,1.89941,1.12,1.00
2015.07.13 02:16:26.420,1.89915,1.89943,1.00,1.12
2015.07.13 02:16:26.724,1.89917,1.89945,1.37,1.00
2015.07.13 02:16:26.978,1.89923,1.89951,1.50,1.00
2015.07.13 02:16:27.061,1.89925,1.89952,1.00,1.12
2015.07.13 02:16:27.112,1.89925,1.89954,1.00,1.50
2015.07.13 02:16:27.755,1.89925,1.89953,1.00,1.00
2015.07.13 02:16:27.907,1.89924,1.89951,1.12,1.00
2015.07.13 02:16:28.305,1.89924,1.89948,1.12,1.00
2015.07.13 02:16:29.267,1.89927,1.89949,1.00,1.00
2015.07.13 02:16:29.318,1.89927,1.89951,1.00,1.00
2015.07.13 02:16:29.623,1.89929,1.89951,1.00,1.00
2015.07.13 02:16:29.674,1.8993,1.89953,1.00,1.00
2015.07.13 02:16:29.725,1.8993,1.89955,1.00,1.00
2015.07.13 02:16:31.971,1.89937,1.89955,1.00,1.00
2015.07.13 02:16:32.095,1.8993,1.89955,1.50,1.00
2015.07.13 02:16:32.525,1.89933,1.89955,1.00,1.00
2015.07.13 02:16:32.779,1.89933,1.89957,1.12,1.00
2015.07.13 02:16:32.831,1.89933,1.89959,1.12,1.00
2015.07.13 02:16:34.998,1.89933,1.89957,1.00,1.00
2015.07.13 02:16:35.100,1.89933,1.89959,1.00,1.50
2015.07.13 02:16:37.586,1.8994,1.89959,1.00,1.00
2015.07.13 02:16:37.891,1.8994,1.89963,1.00,1.00
2015.07.13 02:16:38.095,1.89945,1.89966,1.50,1.37
2015.07.13 02:16:38.348,1.89945,1.89968,1.50,1.12
2015.07.13 02:16:38.882,1.89945,1.89967,1.50,1.00
2015.07.13 02:16:39.606,1.89945,1.89969,1.50,1.12
2015.07.13 02:16:40.447,1.89947,1.89969,1.00,1.12
2015.07.13 02:16:40.786,1.89949,1.89969,1.50,1.37
2015.07.13 02:16:41.407,1.89949,1.89969,1.50,1.00
2015.07.13 02:16:44.568,1.89949,1.8997,1.50,1.00
2015.07.13 02:16:45.102,1.89949,1.89973,1.50,1.00
2015.07.13 02:16:50.402,1.89953,1.89975,1.00,1.50
2015.07.13 02:16:50.454,1.89953,1.89975,1.00,1.00
2015.07.13 02:16:50.607,1.89953,1.89977,1.50,1.00
2015.07.13 02:16:50.709,1.89959,1.89978,1.00,1.37
2015.07.13 02:16:50.863,1.89959,1.89982,1.00,1.50
2015.07.13 02:16:51.389,1.89959,1.89983,1.12,1.00
2015.07.13 02:16:51.922,1.89959,1.89984,1.00,1.00
2015.07.13 02:16:52.930,1.89963,1.89985,1.50,1.00
2015.07.13 02:16:54.958,1.8996,1.89985,1.12,2.62
2015.07.13 02:16:55.595,1.8996,1.89984,1.12,1.00
2015.07.13 02:16:56.729,1.8996,1.89984,1.00,1.87
2015.07.13 02:16:58.829,1.8996,1.89984,1.00,1.87
2015.07.13 02:16:59.371,1.8996,1.89984,1.37,1.87
2015.07.13 02:16:59.879,1.8996,1.89982,1.00,1.37
2015.07.13 02:17:00.522,1.89957,1.89981,1.37,1.12
2015.07.13 02:17:00.776,1.89957,1.89981,1.00,2.25
2015.07.13 02:17:01.226,1.89956,1.89981,1.12,2.25
2015.07.13 02:17:01.429,1.89956,1.8998,1.12,1.12
2015.07.13 02:17:03.183,1.89956,1.89979,1.12,1.00
2015.07.13 02:17:03.374,1.89952,1.89972,1.00,1.00
2015.07.13 02:17:03.477,1.89945,1.8997,1.87,1.37
2015.07.13 02:17:03.732,1.8994,1.89965,1.12,1.12
2015.07.13 02:17:03.834,1.89939,1.89963,1.87,1.37
2015.07.13 02:17:04.039,1.89937,1.89961,1.00,1.00
2015.07.13 02:17:04.546,1.89936,1.89961,1.50,1.00
2015.07.13 02:17:05.390,1.89936,1.89961,1.37,1.00
2015.07.13 02:17:06.148,1.89936,1.89961,1.37,1.00
2015.07.13 02:17:06.774,1.89938,1.89961,1.37,1.37
2015.07.13 02:17:07.079,1.89936,1.89961,3.37,1.12
2015.07.13 02:17:07.800,1.89936,1.89961,1.87,1.12
2015.07.13 02:17:08.752,1.89936,1.89961,1.87,1.12
2015.07.13 02:17:09.163,1.89936,1.89958,1.37,1.00
2015.07.13 02:17:12.461,1.89941,1.89962,1.37,1.00
2015.07.13 02:17:13.388,1.89943,1.89962,1.00,1.00
2015.07.13 02:17:14.182,1.89943,1.89962,1.00,1.37
2015.07.13 02:17:14.284,1.89939,1.89962,1.37,1.37
2015.07.13 02:17:14.335,1.89939,1.89957,1.37,1.00
2015.07.13 02:17:14.640,1.89939,1.89953,1.00,1.00
2015.07.13 02:17:18.883,1.89933,1.89953,1.37,1.00
2015.07.13 02:17:19.341,1.89939,1.89953,1.00,1.00
2015.07.13 02:17:19.932,1.89937,1.89953,1.00,1.00
2015.07.13 02:17:20.236,1.89939,1.89953,1.00,1.00
2015.07.13 02:17:25.996,1.89939,1.89955,1.00,1.00
2015.07.13 02:17:26.048,1.89939,1.89953,1.00,1.00
2015.07.13 02:17:26.252,1.89941,1.89956,1.00,1.00
2015.07.13 02:17:26.761,1.89941,1.89955,1.00,1.00
2015.07.13 02:17:27.147,1.89939,1.89953,1.00,1.00
2015.07.13 02:17:27.655,1.89939,1.89952,1.00,1.00
2015.07.13 02:17:31.037,1.89936,1.89952,1.00,1.00
2015.07.13 02:17:31.190,1.89938,1.89953,1.00,1.00
2015.07.13 02:17:31.242,1.89938,1.89956,1.00,1.50
2015.07.13 02:17:36.943,1.89938,1.89955,1.00,1.00
2015.07.13 02:17:40.870,1.89938,1.89956,1.00,2.25
2015.07.13 02:17:41.404,1.89938,1.89955,1.00,1.00
2015.07.13 02:17:41.905,1.89938,1.89956,1.00,1.50
2015.07.13 02:17:43.967,1.89939,1.89956,1.00,1.50
2015.07.13 02:17:44.340,1.89939,1.89956,1.00,1.87
2015.07.13 02:17:46.678,1.89939,1.89954,1.00,1.00
2015.07.13 02:17:46.780,1.89939,1.89954,1.00,1.37
2015.07.13 02:17:47.288,1.89939,1.89954,1.00,1.37
2015.07.13 02:17:47.978,1.89939,1.89954,1.00,1.00
2015.07.13 02:17:51.373,1.89937,1.89955,1.37,1.12
2015.07.13 02:17:52.089,1.89937,1.89955,1.37,1.12
2015.07.13 02:17:52.144,1.89937,1.89955,1.12,1.12
2015.07.13 02:17:52.572,1.89938,1.89956,1.37,1.00
2015.07.13 02:17:52.827,1.89946,1.89963,1.00,1.00
2015.07.13 02:17:54.748,1.89946,1.89963,1.37,1.00
2015.07.13 02:17:55.404,1.89946,1.89964,1.37,1.00
2015.07.13 02:17:55.456,1.89946,1.89964,1.12,1.00
2015.07.13 02:17:55.508,1.89946,1.89966,1.12,1.50
2015.07.13 02:17:56.500,1.89946,1.89966,1.37,1.50
2015.07.13 02:17:57.273,1.89946,1.89966,1.37,1.87
2015.07.13 02:17:58.491,1.89946,1.89966,1.37,1.87
2015.07.13 02:17:58.907,1.89945,1.89967,1.37,1.00
2015.07.13 02:17:58.958,1.89944,1.89965,1.37,1.50
2015.07.13 02:17:59.111,1.89944,1.89965,1.50,1.00
2015.07.13 02:17:59.194,1.89944,1.89967,1.50,1.00
2015.07.13 02:17:59.246,1.89944,1.8996,1.50,1.00
2015.07.13 02:17:59.399,1.89944,1.89963,1.00,1.00
2015.07.13 02:17:59.604,1.89942,1.89961,1.00,1.00
2015.07.13 02:17:59.707,1.89937,1.89959,1.00,1.00
2015.07.13 02:17:59.810,1.89937,1.89952,1.00,1.00
2015.07.13 02:17:59.912,1.89937,1.89956,1.00,1.00
2015.07.13 02:18:00.014,1.89937,1.89954,1.00,1.00
2015.07.13 02:18:00.405,1.89937,1.89954,1.37,1.00
2015.07.13 02:18:00.557,1.89937,1.89957,1.37,1.00
2015.07.13 02:18:01.072,1.89937,1.89958,1.37,1.00
2015.07.13 02:18:05.906,1.89936,1.89958,1.37,1.00
2015.07.13 02:18:06.445,1.89936,1.89959,1.37,1.50
2015.07.13 02:18:06.599,1.89936,1.89959,1.37,1.50
2015.07.13 02:18:08.415,1.89936,1.89959,1.37,1.50
2015.07.13 02:18:10.115,1.89936,1.89959,1.37,1.50
2015.07.13 02:18:10.827,1.89936,1.89959,1.37,2.25
2015.07.13 02:18:10.929,1.89936,1.89959,1.37,2.25
2015.07.13 02:18:11.265,1.89937,1.89962,1.37,1.50
2015.07.13 02:18:12.475,1.89949,1.89962,1.00,1.50
2015.07.13 02:18:12.679,1.89954,1.89978,2.25,1.50
2015.07.13 02:18:12.730,1.89957,1.89978,1.00,1.50
2015.07.13 02:18:13.047,1.89957,1.89978,1.37,1.00
2015.07.13 02:18:13.303,1.89957,1.89978,1.37,1.00
2015.07.13 02:18:13.354,1.89957,1.89975,1.37,1.00
2015.07.13 02:18:13.406,1.89957,1.89975,1.37,1.00
2015.07.13 02:18:13.629,1.89956,1.89975,1.37,1.00
2015.07.13 02:18:13.941,1.89951,1.89974,1.87,1.37
2015.07.13 02:18:14.246,1.89951,1.89972,1.87,1.12
2015.07.13 02:18:14.779,1.89951,1.89972,1.87,1.37
2015.07.13 02:18:15.297,1.89951,1.89972,1.87,1.00
2015.07.13 02:18:15.349,1.89951,1.89974,1.87,1.50
2015.07.13 02:18:15.502,1.89951,1.8997,1.87,1.00
2015.07.13 02:18:16.021,1.89951,1.89969,1.37,1.12
2015.07.13 02:18:16.539,1.8995,1.8997,1.12,1.50
2015.07.13 02:18:16.947,1.89948,1.89967,1.37,1.00
2015.07.13 02:18:18.058,1.89948,1.89964,1.37,1.37
2015.07.13 02:18:18.109,1.89948,1.89964,1.12,1.37
2015.07.13 02:18:18.313,1.89946,1.89964,1.37,1.50
2015.07.13 02:18:19.141,1.89946,1.89964,1.37,1.00
2015.07.13 02:18:20.612,1.89946,1.89964,1.37,1.00
2015.07.13 02:18:21.160,1.89947,1.8997,1.37,3.00
2015.07.13 02:18:21.313,1.89947,1.8997,1.37,2.25
2015.07.13 02:18:21.940,1.89951,1.8997,1.37,1.50
2015.07.13 02:18:22.344,1.89951,1.8997,1.37,1.50
2015.07.13 02:18:23.317,1.89951,1.8997,1.37,1.50
2015.07.13 02:18:23.571,1.89951,1.89972,1.37,1.00
2015.07.13 02:18:24.358,1.89951,1.89972,1.37,1.00
2015.07.13 02:18:24.714,1.89952,1.89974,1.37,1.00
2015.07.13 02:18:25.019,1.89952,1.89976,4.12,1.00
2015.07.13 02:18:25.363,1.89957,1.8998,1.37,1.00
2015.07.13 02:18:25.416,1.89957,1.89983,1.37,2.25
2015.07.13 02:18:26.438,1.89957,1.89983,1.37,2.25
2015.07.13 02:18:27.421,1.8996,1.89983,1.37,1.50
2015.07.13 02:18:28.431,1.8996,1.89983,1.37,1.50
2015.07.13 02:18:30.191,1.8996,1.89984,2.62,1.00
2015.07.13 02:18:30.698,1.8996,1.89984,3.37,1.00
2015.07.13 02:18:31.522,1.89963,1.89984,1.37,1.00
2015.07.13 02:18:32.397,1.89964,1.89988,1.87,1.00
2015.07.13 02:18:33.159,1.89964,1.89988,1.87,1.00
2015.07.13 02:18:36.670,1.89966,1.89986,1.37,1.00
2015.07.13 02:18:37.660,1.89966,1.89986,1.37,1.00
2015.07.13 02:18:39.667,1.89966,1.89986,1.37,1.00
2015.07.13 02:18:40.978,1.89966,1.89986,1.37,1.00
2015.07.13 02:18:42.613,1.89968,1.8999,1.37,1.00
2015.07.13 02:18:42.918,1.89968,1.8999,1.37,1.37
2015.07.13 02:18:42.970,1.89968,1.89989,1.37,1.37
2015.07.13 02:18:43.482,1.89968,1.89988,1.37,1.00
2015.07.13 02:18:43.634,1.89968,1.8999,1.37,1.12
2015.07.13 02:18:44.999,1.89968,1.8999,1.37,1.37
2015.07.13 02:18:45.304,1.89968,1.89986,1.37,1.37
2015.07.13 02:18:45.355,1.89966,1.89986,1.37,1.37
2015.07.13 02:18:45.457,1.89966,1.89986,1.37,1.37
2015.07.13 02:18:45.610,1.89966,1.89983,1.37,1.50
2015.07.13 02:18:45.813,1.89966,1.89986,1.37,1.00
2015.07.13 02:18:46.586,1.89966,1.89986,1.37,1.12
2015.07.13 02:18:47.586,1.89966,1.89986,1.37,1.12
2015.07.13 02:18:48.977,1.89966,1.89986,1.37,1.37
2015.07.13 02:18:49.278,1.89966,1.89986,1.37,1.37
2015.07.13 02:18:49.380,1.89966,1.89986,1.37,1.37
2015.07.13 02:18:49.684,1.89966,1.89986,1.37,1.37
2015.07.13 02:18:51.263,1.89966,1.89986,1.37,1.37
2015.07.13 02:18:51.314,1.89966,1.89983,1.37,1.37
2015.07.13 02:18:51.643,1.89961,1.89978,1.87,1.37
2015.07.13 02:18:51.953,1.89958,1.89974,1.37,1.12
2015.07.13 02:18:52.258,1.89958,1.89974,1.37,1.37
2015.07.13 02:18:53.202,1.89958,1.89974,1.12,1.37
2015.07.13 02:18:54.471,1.89954,1.89974,1.12,1.37
2015.07.13 02:18:54.525,1.89954,1.89974,1.12,1.75
2015.07.13 02:18:54.779,1.89944,1.89965,1.87,1.37
2015.07.13 02:18:55.215,1.89944,1.89961,1.37,1.00
2015.07.13 02:18:57.625,1.89944,1.89961,1.37,1.00
2015.07.13 02:19:05.162,1.89945,1.89967,1.37,1.87
2015.07.13 02:19:05.264,1.89945,1.89967,1.37,2.62
2015.07.13 02:19:05.519,1.89945,1.89967,1.37,1.87
2015.07.13 02:19:05.844,1.89945,1.89967,1.37,1.87
2015.07.13 02:19:06.347,1.89945,1.89967,1.37,1.87
2015.07.13 02:19:06.898,1.89945,1.89967,1.37,1.87
2015.07.13 02:19:07.492,1.89945,1.89967,1.37,1.00
2015.07.13 02:19:09.068,1.89948,1.89968,1.37,1.00
2015.07.13 02:19:09.714,1.89948,1.89968,1.37,1.00
2015.07.13 02:19:10.513,1.89948,1.89968,1.37,1.00
2015.07.13 02:19:12.544,1.89948,1.89968,1.37,1.00
2015.07.13 02:19:13.519,1.89948,1.89968,1.37,1.00
2015.07.13 02:19:14.529,1.89949,1.89968,1.37,1.00
2015.07.13 02:19:18.536,1.89945,1.89968,1.87,1.00
2015.07.13 02:19:20.546,1.89945,1.89968,1.87,1.00
2015.07.13 02:19:22.560,1.89945,1.89968,1.87,1.00
2015.07.13 02:19:24.876,1.89945,1.89969,1.87,2.25
2015.07.13 02:19:27.292,1.89948,1.89969,1.87,1.00
2015.07.13 02:19:27.496,1.89948,1.89972,1.50,1.00
2015.07.13 02:19:27.598,1.89956,1.89974,1.87,1.50
2015.07.13 02:19:27.700,1.8996,1.89974,1.00,1.50
2015.07.13 02:19:27.802,1.89963,1.89983,1.00,1.00
2015.07.13 02:19:27.959,1.89963,1.89986,1.00,1.50
2015.07.13 02:19:28.381,1.89963,1.89986,1.87,1.50
2015.07.13 02:19:29.387,1.89963,1.89986,1.37,1.50
2015.07.13 02:19:30.640,1.89963,1.89986,1.37,1.50
2015.07.13 02:19:33.095,1.89966,1.89986,1.37,1.50
2015.07.13 02:19:33.935,1.89963,1.89986,1.00,1.50
2015.07.13 02:19:34.240,1.89961,1.89983,1.87,1.00
2015.07.13 02:19:34.545,1.89959,1.89979,1.37,1.00
2015.07.13 02:19:34.596,1.89959,1.89979,1.00,1.00
2015.07.13 02:19:34.799,1.89958,1.89975,1.00,1.00
2015.07.13 02:19:34.901,1.89955,1.89977,1.00,1.87
2015.07.13 02:19:35.053,1.89954,1.89974,1.87,1.00
2015.07.13 02:19:39.032,1.89953,1.89974,1.00,1.50
2015.07.13 02:19:39.543,1.89952,1.89974,1.37,1.50
2015.07.13 02:19:39.899,1.89952,1.89975,1.87,1.00
2015.07.13 02:19:40.051,1.89952,1.89973,1.00,1.00
2015.07.13 02:19:40.393,1.89951,1.89971,1.00,1.00
2015.07.13 02:19:42.140,1.89948,1.89971,1.87,1.00
2015.07.13 02:19:42.940,1.89948,1.89971,1.87,1.00
2015.07.13 02:19:43.459,1.8995,1.89971,1.00,1.00
2015.07.13 02:19:44.336,1.8995,1.89971,1.37,1.00
2015.07.13 02:19:44.822,1.8995,1.89973,1.37,1.00
2015.07.13 02:19:45.730,1.89949,1.89973,2.62,1.00
2015.07.13 02:19:47.024,1.89949,1.89973,2.62,1.00
2015.07.13 02:19:48.042,1.89949,1.89973,2.62,1.00
2015.07.13 02:19:48.390,1.89951,1.89973,1.00,1.50
2015.07.13 02:19:48.695,1.89951,1.89971,1.00,1.00
2015.07.13 02:19:49.748,1.89948,1.89971,1.87,1.00
2015.07.13 02:19:50.254,1.89948,1.89971,1.50,1.00
2015.07.13 02:19:52.653,1.89948,1.89968,1.50,1.00
2015.07.13 02:19:53.162,1.89948,1.89967,1.50,1.00
2015.07.13 02:19:53.568,1.89945,1.89967,1.87,1.00
2015.07.13 02:19:53.619,1.89948,1.89967,1.00,1.00
2015.07.13 02:19:53.670,1.89945,1.89967,1.87,1.00
2015.07.13 02:19:53.772,1.89947,1.89967,1.00,1.00
2015.07.13 02:19:53.823,1.89948,1.8997,1.00,1.00
2015.07.13 02:19:54.338,1.89945,1.89969,1.87,1.50
2015.07.13 02:19:54.748,1.89945,1.89969,1.50,1.50
2015.07.13 02:19:54.902,1.89942,1.89968,2.62,1.50
2015.07.13 02:19:55.003,1.89943,1.89965,1.12,1.00
2015.07.13 02:19:55.311,1.89943,1.89967,1.12,1.00
2015.07.13 02:19:55.515,1.89943,1.89965,1.12,1.00
2015.07.13 02:19:56.024,1.89943,1.89966,1.00,1.00
2015.07.13 02:19:56.613,1.89943,1.89965,1.00,1.00
2015.07.13 02:19:57.205,1.89943,1.89966,1.00,1.00
2015.07.13 02:19:58.082,1.89943,1.89965,1.00,1.00
2015.07.13 02:19:58.792,1.89943,1.89968,1.00,3.00
2015.07.13 02:20:02.056,1.89947,1.89968,1.00,1.00
2015.07.13 02:20:02.463,1.89951,1.89971,1.00,1.00
2015.07.13 02:20:02.827,1.89951,1.89974,1.00,1.37
2015.07.13 02:20:03.334,1.89951,1.89974,1.00,1.00
2015.07.13 02:20:06.644,1.89951,1.89972,1.00,1.00
2015.07.13 02:20:06.849,1.89951,1.89974,1.00,1.12
2015.07.13 02:20:09.851,1.89951,1.89976,1.00,3.00
2015.07.13 02:20:10.003,1.89951,1.89976,1.37,2.25
2015.07.13 02:20:10.106,1.89951,1.89976,1.50,1.50
2015.07.13 02:20:10.615,1.89952,1.89973,1.12,1.00
2015.07.13 02:20:11.254,1.89955,1.89973,1.00,1.00
2015.07.13 02:20:14.532,1.89955,1.89973,1.37,1.00
2015.07.13 02:20:14.843,1.8996,1.89973,1.00,1.00
2015.07.13 02:20:14.894,1.8996,1.89976,1.00,1.00
2015.07.13 02:20:16.006,1.8996,1.8998,1.50,1.00
2015.07.13 02:20:16.108,1.89965,1.8998,1.00,1.00
2015.07.13 02:20:16.413,1.89961,1.8998,1.00,1.00
2015.07.13 02:20:16.464,1.89961,1.89978,1.00,1.00
2015.07.13 02:20:16.653,1.89954,1.89978,1.87,1.87
2015.07.13 02:20:16.704,1.89954,1.89974,1.37,1.00
2015.07.13 02:20:16.808,1.89952,1.89974,1.00,1.50
2015.07.13 02:20:17.114,1.89952,1.89972,1.00,1.00
2015.07.13 02:20:17.622,1.89953,1.89971,1.00,1.00
2015.07.13 02:20:17.673,1.89951,1.89971,1.00,1.00
2015.07.13 02:20:20.426,1.89951,1.8997,1.00,1.00
2015.07.13 02:20:20.782,1.89951,1.89966,1.00,1.00
2015.07.13 02:20:37.216,1.89951,1.89968,1.00,1.00
2015.07.13 02:20:37.267,1.89951,1.89972,1.00,2.25
2015.07.13 02:20:37.926,1.89951,1.89973,1.00,1.00
2015.07.13 02:20:38.625,1.89951,1.89973,1.37,1.00
2015.07.13 02:20:39.618,1.89951,1.89973,1.12,1.00
2015.07.13 02:20:40.628,1.89951,1.89973,1.37,1.00
2015.07.13 02:20:40.940,1.89951,1.89973,1.00,1.00
2015.07.13 02:20:41.489,1.89951,1.89973,1.87,1.00
2015.07.13 02:20:41.642,1.89954,1.89976,1.50,1.00
2015.07.13 02:20:41.743,1.89958,1.89976,1.00,1.00
2015.07.13 02:20:41.795,1.89958,1.89979,1.50,1.00
2015.07.13 02:20:41.948,1.8996,1.89979,1.00,1.00
2015.07.13 02:20:42.455,1.8996,1.89979,1.37,1.00
2015.07.13 02:20:43.165,1.8996,1.89979,1.37,1.00
2015.07.13 02:20:44.055,1.89961,1.89983,1.37,1.00
2015.07.13 02:20:44.585,1.89961,1.89983,1.00,1.00
2015.07.13 02:20:44.637,1.89964,1.89983,1.87,1.00
2015.07.13 02:20:44.941,1.89972,1.8999,1.00,1.00
2015.07.13 02:20:45.094,1.89972,1.89993,1.00,1.00
2015.07.13 02:20:45.467,1.89968,1.89993,1.12,1.50
2015.07.13 02:20:46.425,1.89968,1.89993,1.50,1.50
2015.07.13 02:20:47.579,1.8997,1.89993,1.00,1.50
2015.07.13 02:20:54.850,1.8997,1.89993,2.25,1.00
2015.07.13 02:20:55.029,1.89972,1.89996,1.00,1.50
2015.07.13 02:20:57.356,1.89974,1.89996,1.00,1.00
2015.07.13 02:21:02.620,1.89974,1.89997,1.00,1.00
2015.07.13 02:21:02.925,1.89976,1.89999,1.00,2.62
2015.07.13 02:21:04.477,1.89976,1.89999,1.50,1.50
2015.07.13 02:21:06.918,1.89976,1.89999,1.75,1.50
2015.07.13 02:21:10.128,1.89976,1.89999,1.12,1.00
2015.07.13 02:21:10.280,1.89974,1.89997,2.25,1.00
2015.07.13 02:21:10.382,1.89974,1.89997,1.12,1.00
2015.07.13 02:21:10.894,1.89974,1.89996,1.12,1.00
2015.07.13 02:21:11.843,1.89974,1.89997,1.12,1.87
2015.07.13 02:21:12.349,1.89974,1.89997,1.37,1.00
2015.07.13 02:21:12.977,1.89977,1.89997,1.00,1.00
2015.07.13 02:21:13.282,1.89981,1.90004,1.37,1.00
2015.07.13 02:21:13.333,1.89979,1.90004,1.37,1.00
2015.07.13 02:21:13.384,1.89979,1.90002,1.37,1.00
2015.07.13 02:21:13.435,1.89979,1.90002,1.00,1.50
2015.07.13 02:21:13.638,1.89976,1.90001,1.00,2.25
2015.07.13 02:21:13.760,1.89976,1.89997,1.00,1.00
2015.07.13 02:21:14.471,1.89972,1.89997,1.87,1.87
2015.07.13 02:21:14.573,1.89972,1.89993,1.87,1.50
2015.07.13 02:21:14.675,1.89971,1.89992,1.00,1.00
2015.07.13 02:21:15.654,1.89966,1.89992,1.87,1.50
2015.07.13 02:21:16.449,1.89966,1.89992,1.87,1.87
2015.07.13 02:21:17.109,1.89966,1.89992,1.87,1.50
2015.07.13 02:21:17.650,1.89966,1.89991,1.00,1.50
2015.07.13 02:21:18.187,1.89966,1.89991,1.00,1.87
2015.07.13 02:21:18.760,1.89966,1.8999,1.37,1.00
2015.07.13 02:21:24.809,1.89966,1.89989,1.37,1.00
2015.07.13 02:21:25.013,1.89966,1.89987,1.00,1.00
2015.07.13 02:21:25.650,1.89966,1.89987,1.37,1.00
2015.07.13 02:21:25.702,1.89966,1.89991,1.87,1.87
2015.07.13 02:21:25.957,1.89966,1.89991,1.50,1.37
2015.07.13 02:21:26.616,1.89966,1.89991,1.87,1.00
2015.07.13 02:21:27.110,1.89966,1.89989,1.87,1.00
2015.07.13 02:21:27.435,1.89966,1.89991,1.87,1.00
2015.07.13 02:21:29.770,1.89966,1.89991,2.25,1.12
2015.07.13 02:21:32.270,1.89966,1.89991,1.87,1.50
2015.07.13 02:21:32.778,1.89966,1.89991,1.87,1.37
2015.07.13 02:21:34.237,1.89966,1.89991,1.87,1.37
2015.07.13 02:21:35.239,1.89966,1.89991,2.25,1.12
2015.07.13 02:21:35.781,1.89966,1.89991,2.25,1.12
2015.07.13 02:21:36.509,1.89966,1.89991,2.25,1.12
2015.07.13 02:21:38.428,1.89966,1.89991,2.25,1.12
2015.07.13 02:21:39.025,1.89966,1.89991,2.25,1.12
2015.07.13 02:21:44.835,1.89969,1.89992,1.00,1.87
2015.07.13 02:21:45.269,1.89969,1.89992,1.00,1.87
2015.07.13 02:21:46.270,1.89969,1.89992,1.00,1.12
2015.07.13 02:21:51.659,1.89969,1.89992,1.00,1.37
2015.07.13 02:21:52.711,1.89969,1.89992,1.00,1.12
2015.07.13 02:21:55.316,1.89969,1.89992,1.37,1.00
2015.07.13 02:21:55.832,1.89969,1.89992,1.00,1.00
2015.07.13 02:22:01.767,1.89969,1.89992,1.37,1.00
2015.07.13 02:22:02.279,1.89969,1.89992,1.12,1.00
2015.07.13 02:22:05.885,1.89969,1.89994,2.25,1.00
2015.07.13 02:22:06.895,1.89969,1.89994,2.25,1.87
2015.07.13 02:22:07.889,1.89969,1.89994,2.25,2.62
2015.07.13 02:22:08.394,1.89969,1.89994,2.25,3.00
2015.07.13 02:22:10.247,1.89971,1.89993,1.00,1.12
2015.07.13 02:22:11.554,1.89975,1.89993,1.00,1.50
2015.07.13 02:22:12.134,1.89975,1.89992,1.00,1.00
2015.07.13 02:22:13.779,1.89975,1.89993,1.00,1.12
2015.07.13 02:22:14.444,1.89975,1.89992,1.00,1.00
2015.07.13 02:22:15.206,1.89975,1.89993,1.00,1.37
2015.07.13 02:22:16.128,1.89979,1.89993,1.00,1.37
2015.07.13 02:22:16.230,1.89979,1.89993,1.00,1.00
2015.07.13 02:22:16.992,1.89979,1.89993,1.00,1.37
2015.07.13 02:22:17.043,1.89977,1.89993,1.00,1.37
2015.07.13 02:22:17.582,1.89977,1.89993,1.00,1.87
2015.07.13 02:22:18.293,1.89977,1.89993,1.00,1.87
2015.07.13 02:22:31.056,1.89979,1.89993,1.00,1.00
2015.07.13 02:22:31.360,1.89986,1.89999,1.00,1.37
2015.07.13 02:22:31.462,1.89986,1.89999,1.00,1.00
2015.07.13 02:22:35.133,1.89987,1.89999,1.00,1.12
2015.07.13 02:22:35.235,1.89992,1.90003,1.00,1.87
2015.07.13 02:22:35.489,1.89992,1.90007,1.00,1.00
2015.07.13 02:22:35.799,1.89992,1.90009,1.00,2.25
2015.07.13 02:22:36.305,1.89988,1.90008,1.00,1.00
2015.07.13 02:22:36.356,1.89988,1.90008,1.00,1.37
2015.07.13 02:22:36.660,1.89988,1.90003,1.00,1.00
2015.07.13 02:22:49.725,1.89987,1.90003,1.00,1.00
2015.07.13 02:22:52.504,1.89987,1.90004,1.00,1.50
2015.07.13 02:22:52.912,1.8999,1.90004,1.00,1.00
2015.07.13 02:22:53.218,1.8999,1.90007,1.00,1.00
2015.07.13 02:22:54.030,1.8999,1.90005,1.00,1.50
2015.07.13 02:22:54.131,1.89988,1.90005,1.00,1.50
2015.07.13 02:22:54.704,1.89988,1.90004,1.00,1.00
2015.07.13 02:22:56.220,1.89988,1.90004,1.00,1.87
2015.07.13 02:22:57.300,1.89988,1.90004,1.00,1.87
2015.07.13 02:22:57.446,1.89985,1.90004,1.00,1.87
2015.07.13 02:22:57.549,1.89985,1.89998,1.00,1.00
2015.07.13 02:23:01.693,1.8998,1.89998,1.00,1.00
2015.07.13 02:23:01.846,1.8998,1.89994,1.00,1.50
2015.07.13 02:23:02.354,1.89979,1.89994,1.00,1.50
2015.07.13 02:23:02.558,1.89976,1.89994,1.00,2.25
2015.07.13 02:23:02.609,1.89976,1.89994,1.00,3.00
2015.07.13 02:23:02.711,1.89973,1.89994,1.00,3.75
2015.07.13 02:23:03.252,1.89973,1.8999,1.00,1.87
2015.07.13 02:23:06.391,1.89973,1.8999,1.00,1.87
2015.07.13 02:23:07.393,1.89973,1.8999,1.00,1.87
2015.07.13 02:23:07.714,1.89979,1.89993,1.00,1.00
2015.07.13 02:23:08.221,1.89979,1.89994,1.00,1.00
2015.07.13 02:23:08.323,1.89979,1.89997,1.00,1.12
2015.07.13 02:23:08.826,1.8998,1.89997,1.00,1.12
2015.07.13 02:23:15.456,1.89982,1.89997,1.00,1.00
2015.07.13 02:23:20.927,1.89979,1.89997,1.00,1.50
2015.07.13 02:23:21.080,1.89978,1.89993,1.00,1.50
2015.07.13 02:23:23.041,1.89979,1.89993,1.00,1.50
2015.07.13 02:23:23.346,1.89983,1.89996,1.00,1.50
2015.07.13 02:23:28.374,1.89982,1.89996,1.00,1.00
2015.07.13 02:23:34.976,1.8998,1.89996,1.00,1.00
2015.07.13 02:23:35.382,1.8998,1.89999,1.00,1.00
2015.07.13 02:23:36.040,1.8998,1.89999,1.00,1.37
2015.07.13 02:23:36.092,1.8998,1.89995,1.00,1.00
2015.07.13 02:23:36.599,1.89979,1.89995,1.00,1.00
2015.07.13 02:23:37.515,1.89978,1.89995,1.00,1.00
2015.07.13 02:23:37.668,1.89975,1.89994,1.50,1.00
2015.07.13 02:23:38.175,1.89975,1.89995,1.50,1.00
2015.07.13 02:23:38.724,1.89975,1.89994,1.50,1.00
2015.07.13 02:23:38.862,1.89975,1.89991,1.50,1.50
2015.07.13 02:23:39.015,1.89973,1.89991,1.50,1.50
2015.07.13 02:23:39.647,1.8997,1.8999,1.00,1.00
2015.07.13 02:23:39.699,1.8997,1.89986,1.00,1.00
2015.07.13 02:23:40.732,1.8997,1.89989,1.00,1.50
2015.07.13 02:23:41.392,1.8997,1.89986,1.00,1.50
2015.07.13 02:23:42.050,1.89966,1.89986,1.00,1.50
2015.07.13 02:23:46.324,1.89966,1.89984,1.00,1.00
2015.07.13 02:23:46.477,1.89962,1.89984,1.00,1.37
2015.07.13 02:23:46.529,1.89962,1.89979,1.00,1.00
2015.07.13 02:23:47.035,1.89961,1.89979,1.00,1.00
2015.07.13 02:23:47.138,1.89961,1.89981,1.00,1.00
2015.07.13 02:24:00.442,1.89961,1.8998,1.00,1.00
2015.07.13 02:24:00.544,1.89961,1.89976,1.00,1.50
2015.07.13 02:24:01.031,1.89958,1.89976,1.00,1.50
2015.07.13 02:24:01.132,1.89956,1.89976,1.00,2.25
2015.07.13 02:24:17.862,1.89956,1.89976,1.00,1.87
2015.07.13 02:24:18.117,1.8995,1.8997,1.00,1.00
2015.07.13 02:24:18.269,1.89947,1.8997,1.12,1.00
2015.07.13 02:24:18.978,1.89947,1.89967,1.00,1.50
2015.07.13 02:24:19.029,1.89944,1.89967,1.00,1.50
2015.07.13 02:24:20.247,1.89944,1.89965,1.00,1.00
2015.07.13 02:24:20.299,1.89942,1.89965,1.00,1.00
2015.07.13 02:24:20.350,1.89942,1.89962,1.00,1.00
2015.07.13 02:24:20.401,1.89937,1.89961,1.37,1.00
2015.07.13 02:24:20.452,1.89937,1.89958,1.00,1.00
2015.07.13 02:24:20.912,1.89935,1.89958,1.00,1.00
2015.07.13 02:24:24.126,1.89935,1.89951,1.00,1.00
2015.07.13 02:24:24.228,1.89929,1.89946,1.00,1.50
2015.07.13 02:24:24.279,1.89928,1.89946,1.00,1.87
2015.07.13 02:24:24.330,1.89925,1.89944,1.00,1.37
2015.07.13 02:24:24.382,1.8992,1.8994,1.00,1.87
2015.07.13 02:24:24.484,1.89918,1.8994,1.00,1.87
2015.07.13 02:24:24.687,1.89916,1.89939,1.00,1.37
2015.07.13 02:24:26.295,1.89916,1.89937,1.00,1.12
2015.07.13 02:24:26.655,1.89917,1.89937,1.37,1.12
2015.07.13 02:24:26.706,1.89917,1.8994,1.37,2.25
2015.07.13 02:24:26.757,1.89923,1.8994,1.00,1.00
2015.07.13 02:24:26.808,1.89923,1.89944,1.00,3.37
2015.07.13 02:24:26.910,1.89923,1.89944,1.00,1.00
2015.07.13 02:24:27.189,1.89926,1.89944,1.37,1.00
2015.07.13 02:24:27.240,1.89926,1.89948,1.37,1.00
2015.07.13 02:24:27.291,1.89931,1.89951,1.50,1.00
2015.07.13 02:24:27.799,1.89931,1.89952,1.50,1.00
2015.07.13 02:24:28.003,1.89929,1.89951,1.00,1.00
2015.07.13 02:24:28.104,1.89929,1.89948,1.00,1.00
2015.07.13 02:24:28.460,1.89929,1.89946,1.00,1.00
2015.07.13 02:24:28.511,1.89923,1.89946,1.00,1.00
2015.07.13 02:24:28.663,1.89923,1.89945,1.00,1.37
2015.07.13 02:24:28.967,1.89921,1.89943,1.50,1.00
2015.07.13 02:24:29.474,1.8992,1.89944,1.50,1.87
2015.07.13 02:24:29.525,1.8992,1.89942,1.50,1.00
2015.07.13 02:24:32.675,1.8992,1.89938,1.00,1.37
2015.07.13 02:24:32.777,1.89916,1.89937,1.00,1.37
2015.07.13 02:24:32.829,1.89914,1.89932,1.00,1.00
2015.07.13 02:24:33.135,1.89907,1.89927,1.00,1.00
2015.07.13 02:24:33.287,1.89907,1.89925,1.00,1.50
2015.07.13 02:24:33.338,1.899,1.89925,1.00,1.50
2015.07.13 02:24:33.491,1.89897,1.89922,1.00,1.50
2015.07.13 02:24:33.593,1.89897,1.89919,1.00,1.00
2015.07.13 02:24:33.847,1.89893,1.89919,1.00,1.87
2015.07.13 02:24:34.648,1.89899,1.89919,1.00,1.37
2015.07.13 02:24:35.199,1.89899,1.89919,1.00,1.12
2015.07.13 02:24:36.039,1.89899,1.89918,1.00,1.00
2015.07.13 02:24:36.448,1.89899,1.8992,1.00,1.50
2015.07.13 02:24:36.960,1.89899,1.8992,1.00,1.50
2015.07.13 02:24:37.113,1.89901,1.8992,1.00,1.37
2015.07.13 02:24:37.316,1.89897,1.8992,1.00,1.37
2015.07.13 02:24:37.367,1.89903,1.8992,1.00,1.37
2015.07.13 02:24:38.130,1.89905,1.89919,1.00,1.00
2015.07.13 02:24:38.183,1.89903,1.89919,1.00,1.00
2015.07.13 02:24:38.336,1.89903,1.89921,1.00,1.12
2015.07.13 02:24:38.864,1.89903,1.8992,1.00,1.00
2015.07.13 02:24:38.915,1.89909,1.8992,1.00,1.00
2015.07.13 02:24:39.219,1.89909,1.89924,1.00,1.00
2015.07.13 02:24:39.322,1.89909,1.89927,1.00,1.87
2015.07.13 02:24:39.832,1.8991,1.89927,1.00,1.12
2015.07.13 02:24:39.935,1.89914,1.8993,1.00,1.37
2015.07.13 02:24:40.240,1.89914,1.89931,1.00,1.12
2015.07.13 02:24:40.746,1.89915,1.89931,1.00,1.12
2015.07.13 02:24:40.797,1.89917,1.89931,1.00,1.12
2015.07.13 02:24:40.849,1.89917,1.89934,1.00,1.00
2015.07.13 02:24:41.001,1.89917,1.89931,1.00,1.00
2015.07.13 02:24:41.103,1.89917,1.89933,1.00,1.00
2015.07.13 02:24:41.622,1.89917,1.89934,1.00,1.00
2015.07.13 02:24:42.633,1.89915,1.89934,1.00,1.12
2015.07.13 02:24:42.762,1.89918,1.89934,1.00,1.12
2015.07.13 02:24:43.113,1.89923,1.89935,1.00,1.00
2015.07.13 02:24:43.266,1.89926,1.8994,1.00,1.50
2015.07.13 02:24:43.673,1.89929,1.8994,1.00,1.00
2015.07.13 02:24:43.724,1.89929,1.89942,1.00,1.50
2015.07.13 02:24:44.489,1.89929,1.89944,1.00,1.00
2015.07.13 02:24:44.926,1.89934,1.89947,1.00,1.00
2015.07.13 02:24:45.232,1.89933,1.89942,1.00,1.00
2015.07.13 02:24:45.385,1.89933,1.89944,1.00,1.00
2015.07.13 02:24:45.589,1.89933,1.89951,1.00,1.00
2015.07.13 02:24:45.691,1.89933,1.89949,1.00,1.00
2015.07.13 02:24:46.133,1.89936,1.8995,1.00,1.00
2015.07.13 02:24:46.387,1.89936,1.89952,1.00,1.00
2015.07.13 02:24:46.894,1.89936,1.8995,1.00,1.00
2015.07.13 02:24:47.148,1.89936,1.89953,1.00,1.00
2015.07.13 02:24:47.858,1.89932,1.89956,1.87,1.00
2015.07.13 02:24:48.365,1.89932,1.89953,1.87,1.00
2015.07.13 02:24:48.466,1.89932,1.89955,1.87,1.00
2015.07.13 02:24:48.974,1.89932,1.89956,1.87,1.00
2015.07.13 02:24:49.565,1.89932,1.89956,1.87,1.00
2015.07.13 02:24:49.819,1.89932,1.89956,1.37,1.00
2015.07.13 02:24:50.326,1.89932,1.89956,1.37,1.50
2015.07.13 02:24:51.065,1.89929,1.89956,1.87,1.37
2015.07.13 02:24:51.447,1.89929,1.89956,1.87,1.00
2015.07.13 02:24:51.548,1.89929,1.89952,1.87,1.00
2015.07.13 02:24:52.975,1.89929,1.89953,1.87,1.00
2015.07.13 02:24:53.512,1.89929,1.89956,1.87,1.50
2015.07.13 02:24:53.855,1.89929,1.89956,1.87,1.37
2015.07.13 02:24:54.162,1.89929,1.89951,1.00,1.00
2015.07.13 02:24:54.568,1.89929,1.89953,1.00,1.00
2015.07.13 02:24:54.619,1.89929,1.89956,1.00,1.50
2015.07.13 02:24:54.874,1.89929,1.89954,1.00,1.00
2015.07.13 02:24:55.410,1.89929,1.89955,1.00,1.00
2015.07.13 02:24:56.683,1.89929,1.89955,1.00,1.87
2015.07.13 02:24:57.233,1.89929,1.89954,1.00,1.37
2015.07.13 02:24:58.393,1.89928,1.89952,1.00,1.87
2015.07.13 02:24:58.701,1.89928,1.8995,1.00,1.00
2015.07.13 02:24:59.795,1.89928,1.89952,1.00,1.00
2015.07.13 02:25:03.238,1.89932,1.89952,1.00,1.00
2015.07.13 02:25:03.289,1.8993,1.89952,1.00,1.00
2015.07.13 02:25:03.391,1.89931,1.89956,1.37,1.00
2015.07.13 02:25:04.207,1.89935,1.89956,1.37,1.00
2015.07.13 02:25:04.258,1.89935,1.89958,1.37,1.50
2015.07.13 02:25:04.360,1.89938,1.89961,1.12,1.00
2015.07.13 02:25:04.616,1.8994,1.89967,1.00,2.62
2015.07.13 02:25:04.769,1.89944,1.89967,1.00,1.87
2015.07.13 02:25:04.972,1.89944,1.89967,1.00,1.87
2015.07.13 02:25:09.201,1.89944,1.89967,2.25,2.25
2015.07.13 02:25:09.537,1.8995,1.89967,1.37,1.37
2015.07.13 02:25:09.588,1.8995,1.89968,1.87,1.00
2015.07.13 02:25:09.640,1.89956,1.89972,1.00,1.00
2015.07.13 02:25:09.691,1.89956,1.89975,1.00,1.00
2015.07.13 02:25:09.742,1.89956,1.89979,1.00,1.00
2015.07.13 02:25:10.266,1.89956,1.89979,1.37,1.00
2015.07.13 02:25:10.773,1.89956,1.89979,1.00,1.12
2015.07.13 02:25:10.976,1.89956,1.89979,1.00,1.50
2015.07.13 02:25:11.230,1.89953,1.89975,1.00,1.12
2015.07.13 02:25:11.650,1.89953,1.89975,1.00,1.37
2015.07.13 02:25:13.821,1.89953,1.89972,1.00,1.00
2015.07.13 02:25:13.872,1.89947,1.89971,1.00,1.37
2015.07.13 02:25:15.672,1.89947,1.89971,1.00,1.75
2015.07.13 02:25:16.183,1.89947,1.89971,1.00,1.50
2015.07.13 02:25:16.696,1.89947,1.89971,1.00,1.75
2015.07.13 02:25:19.408,1.89947,1.8997,1.00,1.50
2015.07.13 02:25:20.404,1.89947,1.8997,1.00,1.50
2015.07.13 02:25:21.458,1.89947,1.89965,1.00,1.00
2015.07.13 02:25:21.560,1.89939,1.89965,1.50,1.87
2015.07.13 02:25:22.663,1.89939,1.89962,1.50,1.00
2015.07.13 02:25:22.967,1.89938,1.89959,1.00,1.12
2015.07.13 02:25:23.018,1.89935,1.89959,2.25,2.25
2015.07.13 02:25:23.069,1.89935,1.89956,1.00,1.00
2015.07.13 02:25:23.120,1.89933,1.89956,1.00,1.00
2015.07.13 02:25:26.735,1.89931,1.89955,1.00,1.00
2015.07.13 02:25:28.683,1.89931,1.89951,1.50,1.00
2015.07.13 02:25:32.631,1.89931,1.89951,1.37,1.00
2015.07.13 02:25:34.942,1.89931,1.89951,1.87,1.00
2015.07.13 02:25:34.993,1.89931,1.89953,1.87,1.00
2015.07.13 02:25:35.095,1.89934,1.89956,1.12,1.00
2015.07.13 02:25:35.248,1.89934,1.89959,1.12,1.50
2015.07.13 02:25:40.184,1.89934,1.89959,1.37,1.50
2015.07.13 02:25:41.390,1.89934,1.89956,1.37,1.00
2015.07.13 02:25:41.696,1.89933,1.89954,1.87,1.00
2015.07.13 02:25:42.816,1.89935,1.89958,1.12,1.00
2015.07.13 02:25:43.323,1.89937,1.89959,1.00,1.00
2015.07.13 02:25:43.840,1.89937,1.8996,1.50,1.00
2015.07.13 02:25:44.145,1.89942,1.8996,1.00,1.00
2015.07.13 02:25:44.500,1.89942,1.89964,1.00,1.00
2015.07.13 02:25:45.048,1.89942,1.89965,1.00,1.00
2015.07.13 02:25:45.364,1.89945,1.89965,1.00,1.00
2015.07.13 02:25:45.871,1.89946,1.89965,1.00,1.00
2015.07.13 02:25:49.907,1.89949,1.89965,1.37,1.00
2015.07.13 02:25:50.009,1.89949,1.89971,1.50,1.00
2015.07.13 02:25:50.111,1.89954,1.89975,1.00,1.00
2015.07.13 02:25:50.365,1.89954,1.89978,1.00,1.00
2015.07.13 02:25:51.691,1.89955,1.89978,1.00,1.00
2015.07.13 02:25:51.895,1.89957,1.89978,1.37,1.00
2015.07.13 02:25:52.149,1.89957,1.8998,1.87,1.00
2015.07.13 02:25:53.700,1.89962,1.8998,1.00,1.00
2015.07.13 02:25:54.097,1.89955,1.89979,1.37,1.00
2015.07.13 02:25:54.199,1.89955,1.89979,1.00,1.00
2015.07.13 02:25:54.684,1.89954,1.89977,1.00,1.00
2015.07.13 02:25:57.825,1.89954,1.89977,1.12,1.87
2015.07.13 02:25:58.028,1.8995,1.89974,1.00,2.62
2015.07.13 02:25:58.535,1.8995,1.89972,1.00,1.37
2015.07.13 02:25:59.864,1.8995,1.89973,1.00,1.00
2015.07.13 02:26:00.384,1.8995,1.89974,1.00,1.50
2015.07.13 02:26:06.063,1.8995,1.89975,1.50,1.00
2015.07.13 02:26:08.290,1.89955,1.89975,1.00,1.00
2015.07.13 02:26:08.378,1.89956,1.89977,1.00,1.00
2015.07.13 02:26:10.670,1.89951,1.89977,1.00,1.00
2015.07.13 02:26:10.873,1.89951,1.89975,1.00,1.00
2015.07.13 02:26:11.935,1.89951,1.89973,1.00,1.50
2015.07.13 02:26:11.986,1.89948,1.89973,1.00,2.25
2015.07.13 02:26:12.494,1.89948,1.89972,1.00,1.00
2015.07.13 02:26:13.207,1.89946,1.89971,2.25,1.00
2015.07.13 02:26:20.035,1.89946,1.89971,3.00,1.00
2015.07.13 02:26:21.044,1.89946,1.89971,3.00,1.50
2015.07.13 02:26:21.246,1.89946,1.89971,2.62,1.50
2015.07.13 02:26:25.360,1.89946,1.89969,1.50,1.00
2015.07.13 02:26:25.702,1.89939,1.89957,1.00,1.50
2015.07.13 02:26:25.855,1.8993,1.89951,1.00,1.50
2015.07.13 02:26:26.008,1.89927,1.89951,1.00,1.50
2015.07.13 02:26:26.211,1.89924,1.89949,1.12,1.50
2015.07.13 02:26:26.262,1.89924,1.89947,1.00,1.00
2015.07.13 02:26:26.774,1.8992,1.89946,1.00,1.50
2015.07.13 02:26:27.834,1.89919,1.89944,1.00,1.00
2015.07.13 02:26:28.356,1.89919,1.89944,1.00,1.37
2015.07.13 02:26:28.905,1.89919,1.89944,1.00,1.00
2015.07.13 02:26:33.224,1.89919,1.89944,1.37,1.00
2015.07.13 02:26:33.529,1.89919,1.89944,1.00,1.00
2015.07.13 02:26:33.630,1.89919,1.89944,1.50,1.00
2015.07.13 02:26:33.732,1.89922,1.89944,1.00,1.00
2015.07.13 02:26:34.244,1.8992,1.89944,1.00,1.00
2015.07.13 02:26:35.232,1.8992,1.89944,1.37,1.00
2015.07.13 02:26:35.283,1.8992,1.89944,1.75,1.00
2015.07.13 02:26:36.810,1.8992,1.89944,2.25,1.00
2015.07.13 02:26:37.886,1.8992,1.89944,1.75,1.00
2015.07.13 02:26:38.901,1.8992,1.89944,1.75,1.00
2015.07.13 02:26:39.905,1.8992,1.89944,1.50,1.00
2015.07.13 02:26:40.911,1.89919,1.89944,1.37,1.00
2015.07.13 02:26:41.916,1.89919,1.89944,1.37,1.00
2015.07.13 02:26:45.657,1.89919,1.89941,1.37,1.00
2015.07.13 02:26:46.176,1.89917,1.8994,1.37,1.00
2015.07.13 02:26:47.301,1.89917,1.8994,1.37,1.00
2015.07.13 02:26:48.281,1.89915,1.8994,1.87,1.50
2015.07.13 02:26:51.292,1.89915,1.8994,1.87,1.50
2015.07.13 02:26:53.318,1.89915,1.8994,1.87,1.50
2015.07.13 02:26:55.200,1.89915,1.8994,1.87,1.50
2015.07.13 02:26:56.417,1.89915,1.8994,2.25,1.50
2015.07.13 02:26:56.730,1.89915,1.89937,1.37,1.00
2015.07.13 02:26:57.034,1.89915,1.89939,3.00,1.00
2015.07.13 02:26:57.340,1.89918,1.8994,1.37,1.00
2015.07.13 02:26:57.866,1.89919,1.89943,1.37,1.00
2015.07.13 02:26:58.122,1.89919,1.89944,1.87,1.12
2015.07.13 02:26:59.138,1.89919,1.89944,1.87,1.12
2015.07.13 02:26:59.667,1.89919,1.89943,1.87,1.00
2015.07.13 02:26:59.718,1.89919,1.89943,1.87,1.00
2015.07.13 02:26:59.920,1.89917,1.8994,1.37,1.00
2015.07.13 02:27:00.530,1.89915,1.89939,1.87,1.00
2015.07.13 02:27:01.189,1.89913,1.89938,1.37,1.00
2015.07.13 02:27:01.711,1.89913,1.89938,1.37,1.00
2015.07.13 02:27:02.527,1.89913,1.89938,1.37,1.00
2015.07.13 02:27:03.527,1.89913,1.89938,1.37,1.00
2015.07.13 02:27:05.003,1.89913,1.89936,1.37,1.00
2015.07.13 02:27:05.671,1.89911,1.89935,1.87,1.00
2015.07.13 02:27:10.163,1.89912,1.89935,1.37,1.00
2015.07.13 02:27:11.130,1.89912,1.89935,1.37,1.00
2015.07.13 02:27:13.279,1.89918,1.8994,1.37,1.00
2015.07.13 02:27:13.787,1.89918,1.89941,1.50,1.00
2015.07.13 02:27:13.940,1.89919,1.89941,1.50,1.00
2015.07.13 02:27:13.991,1.89919,1.89943,1.50,1.00
2015.07.13 02:27:14.043,1.89923,1.89945,1.37,1.12
2015.07.13 02:27:14.347,1.89923,1.89948,1.50,2.25
2015.07.13 02:27:14.897,1.89924,1.89948,1.37,1.00
2015.07.13 02:27:15.323,1.89924,1.89948,1.37,1.00
2015.07.13 02:27:18.126,1.89924,1.89948,1.37,1.00
2015.07.13 02:27:20.180,1.89928,1.89948,1.37,1.00
2015.07.13 02:27:23.482,1.89928,1.8995,1.37,1.00
2015.07.13 02:27:27.974,1.89927,1.8995,1.87,1.00
2015.07.13 02:27:28.025,1.89927,1.89948,1.87,1.00
2015.07.13 02:27:28.076,1.89925,1.89947,1.37,1.00
2015.07.13 02:27:28.127,1.89924,1.89941,1.87,1.00
2015.07.13 02:27:28.178,1.89923,1.8994,1.50,1.00
2015.07.13 02:27:28.685,1.89921,1.8994,1.37,1.00
2015.07.13 02:27:29.376,1.89921,1.8994,1.12,1.00
2015.07.13 02:27:35.848,1.8992,1.8994,1.12,1.00
2015.07.13 02:27:35.899,1.8992,1.89943,1.12,1.00
2015.07.13 02:27:40.496,1.8992,1.89943,1.37,1.00
2015.07.13 02:27:42.607,1.89921,1.89943,1.37,1.00
2015.07.13 02:27:44.401,1.89921,1.89943,1.12,1.00
2015.07.13 02:27:51.852,1.89921,1.89943,1.37,1.00
2015.07.13 02:27:52.380,1.89924,1.89943,1.00,1.00
2015.07.13 02:27:52.734,1.89921,1.89943,1.00,1.00
2015.07.13 02:28:09.153,1.8992,1.89943,1.00,2.25
2015.07.13 02:28:13.735,1.89922,1.89943,1.00,1.50
2015.07.13 02:28:13.938,1.8992,1.89943,1.12,1.50
2015.07.13 02:28:22.148,1.89922,1.89943,1.00,1.50
2015.07.13 02:28:22.651,1.8992,1.89943,1.12,1.50
2015.07.13 02:28:23.398,1.89921,1.89943,1.00,1.50
2015.07.13 02:28:24.960,1.89922,1.89943,1.00,1.00
2015.07.13 02:28:26.768,1.89921,1.89943,1.00,1.00
2015.07.13 02:28:26.872,1.8992,1.8994,1.00,1.00
2015.07.13 02:28:26.973,1.89917,1.89939,1.50,1.00
2015.07.13 02:28:27.075,1.89915,1.89937,1.00,1.00
2015.07.13 02:28:27.380,1.89915,1.89935,1.00,1.00
2015.07.13 02:28:27.836,1.89918,1.89935,1.00,1.00
2015.07.13 02:28:28.181,1.89925,1.89941,1.00,1.00
2015.07.13 02:28:28.790,1.89925,1.89941,1.37,1.00
2015.07.13 02:28:28.993,1.89927,1.89945,1.37,1.00
2015.07.13 02:28:29.095,1.89929,1.89948,1.87,1.00
2015.07.13 02:28:29.970,1.89929,1.89948,1.87,1.00
2015.07.13 02:28:31.111,1.89929,1.89948,1.87,1.00
2015.07.13 02:28:32.397,1.89933,1.89948,1.00,1.00
2015.07.13 02:28:32.550,1.89933,1.8995,1.00,1.00
2015.07.13 02:28:32.754,1.89933,1.89953,1.00,1.00
2015.07.13 02:28:33.261,1.89932,1.89953,1.87,1.50
2015.07.13 02:28:33.780,1.89932,1.89952,1.00,1.00
2015.07.13 02:28:33.882,1.89932,1.89948,1.00,1.00
2015.07.13 02:28:33.933,1.89929,1.89948,1.00,1.00
2015.07.13 02:28:34.086,1.89929,1.89943,1.00,1.00
2015.07.13 02:28:34.289,1.89926,1.89943,1.00,1.00
2015.07.13 02:28:42.756,1.89923,1.89943,1.00,1.50
2015.07.13 02:28:42.807,1.89923,1.8994,1.00,1.00
2015.07.13 02:28:43.062,1.89917,1.89936,1.00,1.00
2015.07.13 02:28:45.003,1.89918,1.89937,1.12,1.00
2015.07.13 02:28:45.518,1.89918,1.89938,1.00,1.00
2015.07.13 02:28:45.721,1.89918,1.89938,1.75,1.00
2015.07.13 02:28:46.717,1.89918,1.89938,2.25,1.00
2015.07.13 02:28:47.697,1.8992,1.89938,1.00,1.00
2015.07.13 02:28:48.727,1.89918,1.89938,2.25,1.00
2015.07.13 02:28:49.700,1.89918,1.89938,3.00,1.00
2015.07.13 02:28:50.701,1.89919,1.89938,1.00,1.00
2015.07.13 02:28:53.311,1.89919,1.89938,1.50,1.00
2015.07.13 02:28:56.643,1.89917,1.89938,1.00,1.50
2015.07.13 02:28:57.159,1.89917,1.89937,1.00,1.00
2015.07.13 02:28:57.668,1.89917,1.89938,1.12,1.50
2015.07.13 02:28:58.215,1.89917,1.89938,1.37,1.50
2015.07.13 02:29:03.103,1.89918,1.89938,1.37,1.00
2015.07.13 02:29:03.411,1.89923,1.89938,1.00,1.00
2015.07.13 02:29:04.087,1.89923,1.8994,1.00,1.00
2015.07.13 02:29:06.802,1.89923,1.8994,1.37,1.00
2015.07.13 02:29:06.957,1.89925,1.89943,1.00,1.00
2015.07.13 02:29:07.262,1.89925,1.89945,1.00,1.00
2015.07.13 02:29:08.251,1.89924,1.89945,1.75,1.00
2015.07.13 02:29:10.729,1.89928,1.89945,1.00,1.00
2015.07.13 02:29:12.349,1.89927,1.89945,1.00,1.00
2015.07.13 02:29:12.400,1.89924,1.89945,1.00,1.12
2015.07.13 02:29:12.907,1.89924,1.89944,1.00,2.25
2015.07.13 02:29:13.342,1.89921,1.89943,1.00,1.50
2015.07.13 02:29:13.853,1.8992,1.89943,1.00,1.50
2015.07.13 02:29:13.955,1.8992,1.89941,1.00,1.00
2015.07.13 02:29:16.940,1.89917,1.8994,1.50,1.00
2015.07.13 02:29:18.345,1.89917,1.8994,1.50,1.37
2015.07.13 02:29:19.140,1.89917,1.89936,1.50,1.00
2015.07.13 02:29:28.389,1.89916,1.89936,1.00,1.00
2015.07.13 02:29:28.703,1.89915,1.89934,1.00,1.00
2015.07.13 02:29:29.211,1.89915,1.89933,1.00,1.50
2015.07.13 02:29:29.719,1.89915,1.89933,1.37,1.50
2015.07.13 02:29:29.982,1.89913,1.89933,1.37,1.50
2015.07.13 02:29:30.473,1.89913,1.89929,1.00,1.00
2015.07.13 02:29:30.575,1.8991,1.89929,1.00,1.50
2015.07.13 02:29:30.677,1.89906,1.89924,1.37,1.00
2015.07.13 02:29:30.779,1.89904,1.89924,1.75,1.00
2015.07.13 02:29:31.693,1.89904,1.89921,1.00,1.00
2015.07.13 02:29:34.774,1.89903,1.89921,1.37,1.00
2015.07.13 02:29:35.230,1.89903,1.89924,1.37,1.00
2015.07.13 02:29:41.402,1.89905,1.89924,1.37,1.00
2015.07.13 02:29:41.910,1.89905,1.89924,1.37,1.00
2015.07.13 02:29:42.012,1.89905,1.89924,1.50,1.00
2015.07.13 02:29:43.134,1.89906,1.89924,1.37,1.00
2015.07.13 02:29:47.934,1.89906,1.89924,1.50,1.00
2015.07.13 02:29:50.380,1.89911,1.89924,1.00,1.00
2015.07.13 02:29:50.686,1.89914,1.89931,1.75,1.00
2015.07.13 02:29:54.256,1.89917,1.89931,1.37,1.00
2015.07.13 02:29:54.817,1.89917,1.89935,1.87,1.00
2015.07.13 02:29:54.919,1.89919,1.89935,1.37,1.00
2015.07.13 02:29:56.154,1.89917,1.89935,1.87,1.00
2015.07.13 02:29:56.766,1.89917,1.89935,1.75,1.00
2015.07.13 02:29:57.071,1.89919,1.89935,1.87,1.00
2015.07.13 02:29:57.122,1.89923,1.89938,1.37,1.00
2015.07.13 02:29:57.173,1.89923,1.8994,1.37,1.50
2015.07.13 02:29:57.275,1.89924,1.8994,1.50,1.00
2015.07.13 02:29:57.428,1.89926,1.89942,1.37,1.00
2015.07.13 02:29:58.245,1.89926,1.89942,1.37,1.00
2015.07.13 02:29:58.664,1.89928,1.89944,1.37,1.00
2015.07.13 02:29:58.715,1.89929,1.89949,1.37,1.00
2015.07.13 02:29:58.766,1.89933,1.89949,1.37,1.00
2015.07.13 02:29:58.818,1.89933,1.89951,1.37,1.00
2015.07.13 02:29:58.869,1.89935,1.89953,1.37,1.00
2015.07.13 02:29:58.971,1.89938,1.89955,1.00,1.00
2015.07.13 02:29:59.275,1.89938,1.89956,1.37,1.00
2015.07.13 02:29:59.790,1.89938,1.89957,1.37,1.00
2015.07.13 02:30:00.044,1.89938,1.8996,1.37,1.00
2015.07.13 02:30:00.095,1.89938,1.8996,1.00,1.00
2015.07.13 02:30:01.558,1.8994,1.8996,1.00,1.00
2015.07.13 02:30:09.278,1.89941,1.8996,1.00,1.00
2015.07.13 02:30:09.329,1.89941,1.89964,1.00,1.00
2015.07.13 02:30:11.291,1.89941,1.89964,1.37,1.00
2015.07.13 02:30:12.310,1.89941,1.89964,1.37,1.00
2015.07.13 02:30:13.646,1.89944,1.89964,1.00,1.00
